1884 3230
791 196 962 247 ...η
1030 214 1084 225 ..a

156 336 242 366 rum
274 323 475 367 incitatior
502 339 701 367 numerus.
763 326 996 366 Primariam
1026 339 1122 367 vero
1153 325 1434 378 descriptionis
1464 326 1545 366 vim
1566 326 1608 366 in
1631 339 1717 367 ora-

157 398 267 436 tione
303 399 437 448 posuit
467 400 703 449 Aeschylus.
765 398 938 437 Instituit
976 405 1106 437 autem
1141 412 1222 437 rem
1255 399 1322 444 ita,
1356 406 1398 438 ut
1428 406 1519 449 post
1549 399 1718 438 eiulatus

155 482 258 507 voce
289 467 436 512 ἕλελεῦ
466 470 650 519 depictos
681 469 810 520 primo
842 469 1006 518 quidem
1029 469 1117 519 ipsa
1138 471 1184 508 Io
1213 470 1409 516 morbum,
1433 483 1515 519 quo
1536 477 1719 519 correpta

158 547 231 585 est,
263 540 425 590 propria
456 540 697 586 elocutione,
728 553 833 589 quae
866 546 999 578 tamen
1032 540 1207 578 audaces
1252 540 1540 589 inusitatasque
1581 540 1719 578 locuti-

158 623 257 650 ones
289 611 457 657 obserat,
491 611 691 649 describat
723 610 790 662 (cs.
825 623 902 649 vss.
938 612 1175 663 876—78),
1220 611 1368 649 deinde
1413 624 1507 649 vero
1538 611 1591 649 ad
1622 613 1718 660 figu-

159 689 284 720 ratam
317 681 455 720 transit
486 682 724 728 orationem,
757 695 838 732 qua
867 681 1042 731 singulas
1074 681 1266 732 deinceps
1288 681 1466 720 insaniae
1487 681 1719 720 affectiones

158 753 335 792 illustrat.

301 824 365 862 De
394 823 528 861 cordis
558 823 783 861 vehementi
815 823 930 873 pulsu
961 823 1079 861 dicit:

545 893 705 951 κραδία
738 893 786 936 δὲ
817 892 940 951 φόβῳ
972 899 1109 949 φρένα
1143 893 1334 943 λακτίζει

160 965 213 1004 de
244 965 451 1003 oculorum
483 966 662 1004 motione

543 1036 855 1093 τροχοδινεῖται
886 1036 923 1078 δ’
953 1032 1128 1090 ὄμμαθ’
1162 1032 1339 1089 ἑλίγδην

89 1154 91 1156 ‚
159 1107 213 1146 de
242 1114 328 1146 toto
358 1108 502 1146 mentis
534 1108 794 1158 corporisque
825 1115 948 1146 statu:

546 1172 631 1228 ἔξω
664 1178 711 1220 δὲ
744 1176 905 1234 δρόμου
936 1183 1123 1231 φέρομαι
1156 1175 1308 1231 λύσσης

545 1248 767 1303 πνεύματι
795 1248 947 1306 μα’ργῳ
978 1271 1038 1276 -

303 1320 395 1358 Exit
426 1320 534 1358 Ionis
566 1320 695 1359 oratio
727 1321 767 1358 in
798 1321 899 1359 haec
929 1321 1073 1359 verba:

550 1391 731 1448 θολεροί
757 1391 807 1434 δὲ
837 1389 956 1447 λόγοι
987 1393 1168 1433 παίουσ’
1202 1392 1298 1453 εἰκῇ

550 1462 732 1516 στυγνῆς
763 1461 872 1518 πρὸς
901 1460 1092 1516 κύμασιν
1123 1457 1241 1514 ἄτης.

163 1534 228 1571 De
258 1533 402 1582 quibus
430 1533 609 1572 versibus
639 1533 748 1572 varie
778 1533 1052 1572 iudicaverunt
1081 1533 1154 1571 viri
1185 1532 1308 1572 docti.

308 1617 414 1655 God.
450 1618 658 1655 Hermann
691 1616 771 1666 (ed.
806 1622 903 1654 tom.
937 1617 986 1661 ΙΙ,
1020 1628 1085 1665 pg.
1127 1616 1224 1666 134)
1256 1615 1444 1653 adnotat:
1491 1614 1577 1651 Hoc
1617 1614 1727 1659 dei-it,-

155 1688 382 1738 perturbata
422 1688 519 1725 dicta
551 1699 633 1724 mea
674 1687 876 1724 illiduntur
918 1688 973 1733 (lt.
1005 1699 1034 1724 e.
1067 1687 1273 1732 luctantur)
1318 1686 1399 1722 diri
1427 1685 1607 1734 fluctibus
1625 1685 1722 1733 fati.

165 1759 333 1798 Schuetz
378 1759 434 1796 ita
475 1758 614 1798 vertit:
641 1744 721 1795 ¹»ct
758 1758 872 1795 verba
907 1758 1134 1807 perturbata
1178 1757 1405 1805 confusaque
1445 1757 1631 1792 incassum
1674 1755 1732 1792 ad

154 1831 298 1879 fluctus
327 1831 479 1868 acerbae
507 1830 733 1867 calamitatis
763 1829 924 1873 illidunt,
971 1827 1120 1876 (Meine
1164 1827 1447 1877 gebrochenen
1482 1827 1616 1863 Worte
1647 1838 1725 1863 zer-

165 1901 356 1950 schlagen
387 1900 471 1938 sich
504 1907 683 1939 umsonst
716 1912 767 1937 an
799 1899 879 1937 den
913 1899 1066 1936 Wellen
1099 1898 1171 1936 des
1202 1909 1374 1946 grausen
1406 1897 1720 1951 Verderbens).«

166 1971 359 2020 additque
411 1970 639 2020 explicandi
685 1980 827 2007 causa:
886 1969 1118 2018 »Significan
1166 1969 1360 2017 querelas,
1408 1980 1507 2016 quas
1551 1969 1620 2005 vix
1666 1981 1729 2005 ore

158 2043 335 2091 proferre
377 2042 515 2086 valeat,
561 2041 662 2078 nihil
699 2040 880 2078 adversus
921 2040 1168 2077 calamitatem
1200 2039 1392 2089 proficere.
1457 2038 1620 2076 Weilius
1661 2050 1726 2076 au-

100 2128 103 2130 *
166 2119 246 2151 tem
278 2113 336 2150 sic
378 2118 530 2150 vertere
571 2111 733 2149 maluit:
782 2111 956 2148 »herbida
996 2110 1092 2147 dicta
1124 2114 1319 2157 vagantur
1356 2110 1455 2146 inter
1482 2110 1584 2147 dtros
1615 2109 1727 2146 malo-

166 2196 253 2220 rum
284 2183 466 2232 fluctus.<‹
533 2181 644 2220 Idem
689 2181 795 2220 enim
837 2193 924 2219 esse
963 2180 1061 2218 dicit
1092 2182 1270 2221 natovov’
1301 2176 1394 2241 εἰκῇ
1437 2187 1556 2228 atque
1589 2195 1726 2235 παρα-

170 2259 364 2301 παίουσι,
398 2253 522 2291 modo
553 2252 791 2302 primitivam
824 2251 916 2289 huic
947 2251 1071 2289 verbo
1102 2250 1182 2288 vim
1213 2263 1358 2289 serves.
1387 2272 1438 2276 —
1462 2251 1604 2300 Longe
1635 2263 1728 2288 vero

168 2324 282 2362 aliter
312 2324 588 2373 metaphoram
620 2322 787 2371 intelligi
818 2322 898 2360 vult
930 2321 1211 2366 Weckleinius,
1245 2321 1313 2369 qui
1354 2321 1395 2358 in
1425 2321 1575 2366 libello,
1609 2333 1729 2369 quem

168 2394 389 2444 inscripsit:
444 2394 631 2432 »Studien
679 2406 725 2432 zu
757 2393 1003 2441 Aeschylus«
1053 2391 1201 2441 (Berlin
1239 2391 1366 2441 1872)
1397 2404 1491 2441 pgg.
1527 2387 1615 2440 8l9.
1678 2391 1729 2429 de

170 2465 231 2503 his
263 2465 443 2503 versibus
475 2465 530 2502 ita
561 2463 742 2503 disserit:
799 2465 920 2501 »Man
954 2463 1049 2500 wird
1082 2462 1160 2500 den
1196 2462 1420 2500 Gedanken
1453 2462 1524 2500 des
1544 2462 1730 2500 Dichters

169 2542 248 2574 erst
278 2536 387 2573 dann
420 2535 561 2584 richtig
591 2535 781 2579 ersassen,
815 2546 929 2571 wenn
963 2546 1057 2570 man
1101 2533 1167 2571 die
1198 2532 1465 2582 Verbindung
1506 2545 1585 2570 von
1629 2532 1728 2570 bild-

170 2606 316 2644 lichem
360 2605 441 2643 und
487 2605 765 2655 eigentlichem
811 2604 1021 2642 Ausdruck
1067 2603 1151 2641 sich
1195 2603 1283 2640 klar
1328 2603 1484 2641 macht:
1547 2601 1731 2659 θολερός

171 2676 282 2714 weist
313 2676 385 2713 auf
410 2675 490 2713 den
522 2675 723 2713 Schlamm
748 2674 828 2721 hin,
853 2674 1022 2712 welcher
1044 2673 1169 2711 durch
1192 2673 1269 2711 den
1294 2674 1424 2710 Sturm
1445 2686 1537 2711 vom
1561 2673 1728 2710 Meeres-

170 2747 324 2796 grunde
367 2746 606 2796 ausgewiihlt
650 2745 719 2782 wir
751 2774 759 2783 .
795 2767 850 2772 —
882 2766 938 2771 --
971 2744 1059 2781 Wie
1099 2744 1164 2782 die
1209 2744 1431 2793 wogenden
1463 2744 1617 2782 Wellen
1659 2743 1731 2782 des

171 2818 328 2855 Meeres
359 2816 439 2854 den
471 2815 763 2865 aufgewuhlten
796 2815 999 2852 Schlamm
1022 2814 1119 2852 bald
1141 2814 1277 2858 dahin,
1300 2814 1396 2852 bald
1418 2814 1577 2852 dorthin
1601 2811 1731 2867 (εῐκῆ)

171 2887 328 2932 ffihren,
361 2899 407 2924 so
438 2886 597 2924 werden
629 2885 696 2924 die
728 2898 778 2923 an
812 2885 878 2922 die
901 2885 1058 2934 Wogen'
1089 2885 1160 2923 des
1181 2884 1438 2922 Verderbens
1459 2863 1731 2933 schlagenden

174 2957 319 2996 Reden
349 2969 430 2995 von
460 2956 681 2996 denselben
713 2955 822 3006 plan·
857 2954 939 2994 und
971 2955 1237 3006 ordnungslos
1268 2954 1652 3006 herumgetrieben.‹=
1678 2977 1732 2982 —
