1884 3230
854 206 1152 245 ...32-

213 323 346 362 iculae
379 323 616 370 collocatio,
640 324 750 373 quod
774 323 1085 375 exagitatissime
1106 331 1243 364 nostro
1263 325 1356 364 loco
1378 325 1582 365 insaniens
1602 326 1774 366 furorem

211 395 298 444 ipse
329 394 533 433 describit.
587 395 738 443 Quare,
774 395 845 434 etsi
878 402 1000 434 restat
1031 396 1250 446 scrupulus,
1284 396 1325 434 in
1356 396 1433 435 hac
1464 396 1658 436 orationis
1688 409 1783 437 con-

209 464 428 503 structione
460 466 717 515 acquiescere
749 466 900 513 malim,
934 478 1053 516 quam
1086 466 1294 517 seiungere
1338 479 1472 507 versus
1511 481 1620 517 10¹9
1644 474 1683 507 et
1711 481 1778 509 20.

212 537 305 573 Hoc
336 536 442 574 enim
475 535 615 574 iterum
647 537 868 587 iterumque
900 537 1116 582 contendo,
1150 536 1446 595 ἤνιοοτροφεῑν
1488 539 1652 578 verbum
1696 551 1780 579 non

211 618 329 655 posse
362 605 433 644 feri
466 607 544 644 hoc
576 607 681 651 loco,
715 607 810 656 quia
841 619 924 645 non
956 614 1087 657 potest
1119 607 1165 654 is,
1199 608 1268 657 qui
1301 608 1475 659 perdidit
1514 609 1693 649 habenas
1723 621 1781 649 ra·

211 676 332 714 tionis
350 705 359 721 ,
392 688 435 714 se
467 676 553 726 ipse
585 677 720 715 dicere
751 677 931 716 habenas
963 684 1178 727 regentem.
1243 679 1386 717 Restat
1417 679 1546 729 igitur,
1581 686 1623 719 ut
1653 687 1778 719 totum

212 746 464 784 enunciatum
498 747 674 797 pendeat
704 760 729 786 a
759 746 937 804 φερόυσι
966 747 1050 804 γάρ
1082 760 1284 798 unumque
1316 749 1377 788 sit.
1440 751 1544 788 Tum
1565 763 1660 790 vero
1684 763 1781 790 con-

211 816 422 866 iungamus
453 829 617 856 necesse
660 825 720 856 est
762 819 885 857 verba
929 814 1209 873 ἦνιοστρόφου
1252 815 1428 873 δρόμου,
1470 833 1575 870 quae
1613 821 1780 861 diversis

212 886 345 925 modis
389 887 581 938 explicari
621 896 802 938 possunt.
865 890 971 927 Aam
1004 885 1163 946 δρόμος
1199 897 1237 928 et
1280 903 1463 929 »cursus«
1512 891 1710 942 significat
1739 900 1780 932 et

218 957 458 1005 »stadium«,
493 981 547 986 --
585 957 863 1015 ἡνιοστρόφος
904 967 1035 998 autem
1068 967 1127 998 est
1177 961 1378 999 »habenas
1411 973 1590 1012 regens.‹
1654 963 1779 1013 Atqui

212 1040 295 1066 non
327 1030 458 1076 video,
492 1042 562 1067 cur
592 1042 675 1068 non
707 1030 827 1068 etiam
858 1028 1134 1087 ἤνιόστροφος
1164 1031 1286 1081 (velut
1317 1027 1587 1088 α’πόοτροφος
1609 1028 1688 1085 (Αἰ.
1719 1046 1774 1073 vu.

214 1101 302 1150 69.)
338 1099 605 1156 διάστροφος,
646 1099 910 1157 ὅρείτροφος)
957 1101 1127 1140 formare
1173 1102 1346 1151 potuerit
1390 1109 1524 1152 poeta,
1562 1103 1636 1142 etsi
1688 1114 1778 1144 nus-

213 1183 333 1219 quam
380 1171 589 1210 invenitur.
664 1172 834 1209 Possunt
874 1171 992 1220 igitur
1044 1173 1167 1210 verba
1215 1169 1430 1229 »ἐξωτέρω
1471 1171 1632 1228 δρόμου
1667 1169 1778 1229 ‚fruo-

214 1239 422 1298 o‘quqmv«
459 1241 568 1280 dicta
599 1254 686 1280 esse
723 1242 775 1280 de
808 1254 870 1287 eo,
905 1242 972 1292 qui
1010 1249 1143 1281 »extra
1184 1255 1342 1281 cursum
1383 1243 1552 1283 habenis
1596 1251 1771 1284 rectum«

213 1312 346 1359 fertur,
391 1311 417 1351 i.
440 1324 493 1358 e.,
529 1312 598 1361 qui
630 1312 716 1350 sine
747 1313 914 1351 habenis
945 1313 1108 1363 rapitur,
1132 1326 1377 1363 quamquam
1400 1326 1451 1353 ne
1481 1315 1582 1354 haec
1613 1315 1776 1365 quidem

213 1381 487 1431 interpretatio
531 1382 764 1420 abhorreret
804 1382 857 1420 ab
897 1383 1110 1432 Aeschylei
1153 1383 1316 1422 dicendi
1358 1396 1517 1434 genere,
1562 1393 1604 1425 ut
1646 1386 1776 1436 ipsum

213 1452 385 1491 stadium
428 1453 595 1499 dicatur,
630 1453 811 1491 habenas
849 1465 1033 1504 regens«,
1067 1454 1218 1504 quippe
1258 1454 1299 1492 in
1343 1467 1425 1504 quo
1467 1455 1588 1494 frenis
1618 1463 1777 1496 utantur

213 1523 469 1574 quadrigarii.
532 1523 729 1562 Verterim
762 1523 880 1573 igitur
909 1524 1032 1563 verba
1062 1525 1233 1564 Orestis:
1267 1525 1444 1565 turbatus
1475 1525 1630 1566 animus
1661 1526 1776 1577 quasi

217 1606 311 1631 cum.
340 1593 455 1643 equis
479 1589 646 1648 (currus)
668 1606 732 1632 me
764 1594 868 1643 rapit
890 1601 999 1633 extra
1021 1595 1205 1642 stadium,
1229 1596 1269 1634 in
1302 1608 1384 1645 quo
1405 1597 1535 1635 solent
1565 1597 1684 1637 frenis
1705 1597 1774 1637 uti.

353 1666 488 1713 Atque
520 1664 769 1703 difficiliores
801 1665 964 1714 quidem
996 1673 1088 1704 sunt
1132 1665 1335 1705 intellectu
1378 1678 1573 1715 versuum,
1619 1668 1689 1718 qui
1719 1680 1777 1708 se-

212 1741 396 1784 quuntur,
430 1735 702 1784 metaphorae.
765 1736 899 1786 Pergit
930 1736 1037 1774 enim
1070 1736 1260 1775 Orestes:

901 1803 1009 1862 πρὸς
1041 1805 1091 1848 δὲ
1122 1806 1284 1865 καρδίᾳ
1316 1803 1450 1862 φόβος

541 1873 667 1933 ᾅδειν
697 1877 864 1930 ἕτοιμος
895 1873 961 1931 ἥδ’
995 1873 1290 1933 ὑπορχεῖσθαι
1321 1876 1446 1936 κότῳ.

211 1970 316 2008 quae
346 1965 482 1997 tamen
514 1959 635 1997 verba
666 1959 820 2008 integra
851 1971 1015 1998 manere
1036 1960 1170 1998 malim
1203 1972 1325 2010 quam
1357 1968 1508 1999 mutata
1539 1961 1592 2000 ad
1622 1961 1777 2000 hodier-

210 2042 303 2067 nam
348 2029 546 2068 sentiendi
587 2030 920 2068 consuetudinem
960 2031 1272 2070 accommodari.
1336 2031 1458 2070 Nullo
1500 2031 1617 2082 igitur
1656 2038 1777 2082 pacto

210 2101 447 2138 Hermanno
494 2111 656 2149 possum
706 2100 939 2150 adstipulari
993 2101 1169 2151 Emperii
1209 2101 1478 2140 coniecturam
1522 2099 1660 2158 κρότῳ
1701 2113 1777 2152 pro

209 2168 324 2227 κότῳ
355 2170 568 2220 accipenti,
592 2182 682 2209 cum
715 2182 792 2208 vox
824 2167 973 2227 κρότος
999 2184 1195 2221 nusquam
1229 2172 1336 2222 apud
1367 2173 1610 2222 Aeschylum
1640 2184 1776 2211 occur·

210 2247 278 2278 rat'
307 2246 347 2278 et
392 2252 532 2290 parum
575 2241 724 2280 habeat
755 2241 901 2280 coloris
939 2254 1037 2292 prae
1067 2242 1200 2280 vivida
1243 2242 1435 2281 orationis
1475 2243 1624 2282 indole.
1687 2243 1776 2294 Ego

210 2310 305 2349 satis
336 2310 469 2348 habeo
501 2323 574 2361 pro
606 2310 676 2366 ἠδ’
709 2313 841 2362 legere
873 2304 944 2367 ἥδ’
975 2313 1027 2350 ab
1050 2313 1239 2362 Emperio
1270 2313 1539 2362 emendatum,
1557 2313 1776 2363 probatum

210 2387 248 2419 et
285 2381 523 2419 Hermanno
555 2388 595 2420 et
628 2382 933 2421 Wilamowitzio
966 2389 1004 2421 et
1036 2383 1152 2421 huius
1183 2383 1255 2422 viri
1289 2395 1436 2434 sequor
1468 2383 1774 2434 explicationem

209 2451 277 2501 (cf.
291 2453 341 2490 11.
361 2464 426 2502 pg.
451 2465 496 2490 21
509 2454 563 2504 7).
588 2453 698 2491 Dicit
717 2453 798 2492 sere
821 2454 899 2492 hoc
918 2454 1080 2493 Orestes
1097 2466 1104 2493 :
1133 2453 1279 2504 Φόβος
1300 2462 1418 2493 cantu
1434 2455 1580 2494 excitat
1601 2446 1781 2494 mentem¹

210 2535 366 2571 meam;
400 2523 500 2561 haec
524 2535 617 2562 vero
639 2524 784 2563 saltare
808 2525 964 2564 videtur
993 2525 1091 2563 truci
1115 2533 1234 2564 cantu
1266 2532 1458 2575 permota.
1513 2526 1776 2576 Comparatm’

209 2592 328 2643 igitur
354 2605 425 2631 cor
455 2593 593 2643 primis
616 2594 796 2633 insaniae
826 2595 1002 2646 vestigiis
1023 2603 1171 2634 tactum
1194 2607 1284 2634 cum
1316 2596 1480 2635 homine
1500 2596 1682 2642 saltante,
1704 2595 1775 2645 qui

207 2670 356 2702 temere
367 2663 542 2702 anfertur
565 2663 750 2702 tibiarum
778 2671 896 2703 cantu
913 2666 1149 2706 concitatus.
1173 2667 1365 2706 Ceterum
1374 2666 1619 2716 respondent
1634 2665 1675 2704 hi
1691 2654 1774 2705 verss

209 2732 395 2782 susJonis
412 2733 562 2773 verbis:
589 2733 750 2790 κραδίοι
777 2734 825 2776 δὲ
850 2731 974 2792 φόβῳ
1001 2740 1138 2791 φρένα
1166 2735 1383 2786 λακτίζαι.
1411 2736 1558 2787 (Prom.
1580 2748 1638 2776 vs.
1657 2735 1771 2788 879).

351 2803 471 2841 Hanc
503 2803 676 2842 ineuntis
708 2804 884 2844 insaniae
917 2805 1227 2856 descriptionem
1270 2806 1515 2845 examinanti
1553 2805 1649 2845 milii
1689 2817 1773 2845 non

210 2873 265 2912 ita
296 2872 410 2912 aliter
431 2873 647 2913 instituisse
678 2874 832 2913 videtur
853 2876 1074 2925 Aeschylus
1106 2883 1226 2925 atque
1245 2876 1358 2926 Jonis
1389 2877 1523 2916 furore
1550 2883 1771 2927 correptae.

210 2944 410 2983 Differunt
438 2955 503 2992 ee,
536 2944 647 2994 quod
678 2945 742 2984 hic
774 2956 856 2984 non
888 2945 1061 2986 subitam
1105 2946 1235 2985 morbi
1279 2946 1553 2987 accessionem
1591 2946 1776 3000 depingit
