1884 3230
706 210 996 250 ..23-.

74 331 127 372 ab
187 338 270 371 arte
330 328 549 370 dramatica
597 335 708 369 tanta
758 328 931 369 veritatis
992 327 1189 378 imitati03
1249 326 1289 366 in
1351 325 1516 378 singulis
1566 338 1630 367 ve-

77 415 123 442 ro
153 402 391 441 narrationis
422 401 610 439 membris
642 393 748 451 nego
778 400 898 439 licere
936 399 1054 438 nobis
1085 399 1312 444 offendere,
1345 410 1446 448 quas
1485 398 1630 436 eximia

73 474 254 524 profecto
285 479 368 511 arte
400 471 452 510 ad
485 479 648 509 naturae
682 483 839 509 normas
872 477 992 520 poeta
1022 470 1298 509 conformavit.

216 545 366 588 Restat,
400 550 440 580 ut
474 541 618 580 exitum
654 541 787 580 Aiacis
821 541 1085 589 Herculisque
1117 540 1258 578 furoris
1289 553 1576 591 comparemus.

216 627 348 674 Atque
379 624 419 662 in
452 624 576 662 Aiace
609 624 768 674 remittit
800 623 1003 674 paullatim
1037 622 1216 661 insaniae
1248 622 1416 673 impetus
1448 623 1629 672 reditque

71 696 214 734 mentis
245 695 405 734 sanitas.
468 695 517 732 cf.
552 707 607 733 vs.
644 696 747 743 306:

283 774 453 832 ἔμφρων
482 773 606 830 μόλις
639 791 730 826 πως
761 775 841 825 ξύν
871 772 1009 832 χρόνῳ
1041 779 1327 817 καθίσταται.

212 860 395 898 Herculis
414 860 584 898 furorem
598 872 760 897 somnus
779 859 925 909 excipit
941 859 1072 907 gravis
1086 872 1133 896 ac
1150 859 1369 908 profundus
1386 858 1627 908 abrumpens

72 931 246 969 medium
274 931 456 969 furorem.
511 931 648 968 Solere
681 930 734 968 ita
756 929 861 968 effici
893 929 1101 967 sanitatem
1123 929 1247 967 tribus
1278 929 1512 967 testimoniis
1533 942 1626 967 con·

70 1001 320 1039 firmaverim.
385 1001 654 1050 Hippocrates
693 1001 733 1038 in
766 1001 1079 1050 aphorismorum
1125 999 1226 1037 libro
1259 999 1373 1039 dicit:
1408 994 1513 1050 ‚82⁰⁶
1543 1015 1625 1040 πα-

68 1069 340 1128 ραφροσύνην
371 1066 504 1119 ὕπνος
537 1067 670 1131 παύῃ,
704 1069 895 1123 ἀγαθόν.

211 1153 420 1192 Cornelius
452 1154 604 1199 Celsus,
649 1154 700 1191 de
732 1152 940 1190 medecina
979 1153 1067 1190 libr.
1100 1154 1169 1190 111.
1203 1165 1291 1202 cap.
1332 1154 1395 1190 18.
1429 1152 1480 1190 de
1522 1151 1624 1190 insa-

67 1224 269 1263 nientibus
301 1224 456 1263 scribit:
509 1239 524 1259 »
539 1224 722 1262 Omnibus
763 1236 848 1260 vero
879 1224 931 1260 sic
966 1223 1106 1271 affictis
1145 1235 1294 1260 somnus
1329 1228 1366 1260 et
1399 1222 1563 1272 dffcilis
1591 1229 1626 1259 et

58 1295 258 1344 praecipue
288 1296 513 1332 necessarius
544 1299 618 1339 est,·
648 1295 718 1331 sub
750 1294 818 1331 lcoc
844 1295 941 1330 enim
963 1293 1134 1342 plerique
1163 1298 1366 1330 sanescunt.
1375 1307 1392 1327 ‹<

210 1376 285 1414 His
326 1376 573 1414 adiunxerim
606 1375 719 1413 unius
751 1389 773 1413 e
805 1375 1028 1413 recentibus
1069 1375 1212 1413 mentis
1245 1375 1472 1413 morborum
1513 1374 1622 1412 inda-

65 1446 269 1496 gatoribus
301 1446 512 1485 iudicium:
547 1448 592 1484 E.
629 1446 844 1495 Kraepelin
878 1445 918 1483 in
959 1445 1075 1490 libro,
1109 1458 1227 1494 quem
1260 1445 1470 1495 inscripsit,
1509 1447 1622 1494 »Psy-

66 1517 255 1555 chiatrie«
293 1516 418 1566 (Lips.
460 1515 585 1569 1889)
629 1529 696 1565 pg.
745 1529 824 1565 249
869 1516 996 1554 delirii
1044 1515 1268 1561 transitorii,
1311 1516 1422 1564 quod
1463 1522 1620 1561 vocant,

67 1587 213 1626 exitum
245 1586 307 1624 his
338 1587 468 1625 verbis
501 1586 710 1625 describit:

210 1670 292 1707 Der
332 1669 550 1706 Abschluss
595 1668 780 1706 vollzieht
823 1668 906 1705 sich
948 1668 1024 1706 fast
1065 1668 1338 1706 ausnahmslos
1382 1668 1506 1706 durch
1548 1669 1620 1706 das

67 1739 280 1789 plotzliche
311 1739 515 1777 Eintreten
547 1739 656 1777 eines
688 1739 809 1776 tiefen
842 1738 922 1776 und
954 1738 1047 1787 lang
1081 1738 1310 1776 dauernden
1334 1738 1525 1783 Schlases,
1549 1751 1620 1777 aus

67 1810 157 1848 dem
191 1810 262 1848 der
293 1809 458 1847 Kranke
490 1809 560 1846 mit
591 1810 684 1847 dem
716 1809 863 1847 Gefiihl
895 1809 966 1846 der
997 1808 1398 1857 Abgeschlagenheit,
1427 1809 1524 1847 aber
1555 1809 1619 1848 bei

66 1880 350 1928 vollstandiger
379 1879 673 1918 Besonnenheit
705 1879 785 1917 und
815 1878 931 1920 ‚meist
963 1879 1067 1916 ohne
1095 1878 1266 1927 jegliche
1287 1878 1536 1929 Erinnerung
1568 1893 1619 1918 an

65 1950 138 1988 das
170 1950 453 1999 Vorgefallene
485 1950 668 1988 erwacht.

208 2021 326 2068 Quae
359 2020 492 2058 omnia
533 2032 651 2068 quam
694 2019 852 2069 egregie
895 2018 1136 2056 conveniant
1179 2031 1267 2056 curn
1302 2019 1485 2058 Herculis
1529 2029 1620 2070 post

64 2091 233 2128 solutam
267 2090 460 2128 insaniam
494 2097 618 2134 statu,
652 2090 818 2139 posthac
850 2089 1084 2127 videbimus.
1147 2089 1264 2126 Nunc
1302 2101 1396 2128 vero
1427 2102 1518 2128 cum
1550 2091 1618 2129 So—

64 2161 209 2210 phocle
240 2161 489 2198 conferamus
521 2160 764 2209 Euripidem.

205 2242 348 2280 Narrat
379 2243 415 2279 T
418 2253 597 2280 ecmessa
634 2255 709 2279 vss.
746 2253 825 2291 305
861 2255 988 2290 seqq„
1031 2242 1236 2289 quomodo
1280 2242 1332 2280 ad
1375 2254 1418 2281 se
1458 2242 1618 2281 redierit

63 2313 177 2350 Aiax.
243 2312 390 2350 Mentis
422 2325 589 2362 compos
633 2313 758 2350 factus
788 2312 918 2349 statim
963 2311 1145 2349 conscius
1177 2311 1231 2349 rei
1264 2318 1377 2350 actae
1407 2313 1614 2351 vehemen-

63 2382 215 2421 tissimo
249 2383 419 2420 afficitur
449 2383 600 2420 dolore.
666 2383 824 2419 Nullam
857 2382 1039 2419 emittens
1075 2393 1214 2419 vocem
1247 2381 1315 2420 diu
1346 2383 1460 2421 sedet
1489 2383 1616 2422 caesis

62 2452 282 2502 pecudibus
324 2452 601 2490 circumdatus.
666 2453 807 2500 Neque
846 2460 978 2489 tamen
1022 2451 1142 2500 plane
1185 2451 1408 2500 perspicere
1447 2453 1613 2499 videtur,

63 2535 164 2571 quae
186 2523 293 2560 facta
316 2522 404 2559 sint.
459 2523 603 2560 Verbis
626 2522 730 2560 enim
755 2522 976 2559 minacibus
999 2522 1251 2559 Tecmessam
1275 2521 1382 2560 iubet
1403 2534 1614 2572 exponere,

61 2591 101 2629 in
134 2604 306 2641 quanam
339 2599 513 2630 versetur
543 2605 670 2630 rerum
703 2591 954 2629 condicione.
1019 2591 1194 2629 Edoctus
1225 2591 1276 2629 de
1307 2598 1392 2629 toto
1423 2593 1612 2642 facinore,

62 2662 170 2711 quod
203 2661 363 2711 quidem
399 2663 551 2700 noverit
582 2662 722 2700 mulier
746 2658 810 2713 (cs.
845 2674 901 2699 vs.
927 2662 1038 2712 316),
1062 2674 1216 2699 summo
1248 2662 1444 2700 cruciatus
1474 2662 1615 2702 dolore

60 2732 233 2770 lamenta
265 2732 359 2770 edit.
394 2754 452 2759 —

204 2803 318 2840 Haec
349 2802 417 2851 qui
449 2802 599 2851 legerit,
633 2802 854 2840 consentiet
893 2809 1011 2847 certe,
1045 2802 1218 2850 aliquam
1258 2802 1418 2841 dedisse
1449 2815 1612 2852 operam

61 2872 316 2920 Sophoclem,
359 2878 399 2909 ut
431 2873 566 2920 paullo
608 2872 829 2909 accuratius
867 2871 1099 2909 insanientis
1132 2871 1264 2909 Aiacis
1309 2873 1361 2910 ad
1404 2872 1611 2911 sanitatem

60 2941 266 2980 transitum
290 2941 544 2981 describeret.
599 2943 729 2990 Quem
761 2949 891 2980 tamen
915 2942 1034 2992 longe
1066 2942 1222 2987 afuisse,
1247 2949 1285 2980 ut
1308 2954 1439 2981 veram
1461 2949 1613 2982 curaret
