1852 3242
264 354 369 393 tibus
401 353 542 393 ceteris
565 351 753 397 Achaeis,
787 363 907 390 nemo
939 357 1096 401 poterat
1128 351 1278 389 claram
1311 348 1366 388 rei
1396 356 1532 399 gestae
1562 347 1727 389 habere
1736 310 1852 417 ΜΞ

264 426 483 472 nitionem;
518 432 639 474 atque
671 425 749 461 hoc
782 423 1083 473 proponebatur
1121 430 1278 472 poetae,
1312 421 1520 471 quomodo
1552 421 1605 459 de
1635 411 1849 466 noemi?

266 497 401 535 Aiacis
435 457 565 534 furore
597 503 635 533 et
667 494 855 533 dramatis
889 506 1081 544 personas
1115 500 1153 532 et
1184 500 1429 543 spectatores
1461 492 1651 531 certiores
1666 487 1832 535 faceret.

270 568 374 605 Hinc
409 574 531 617 patet,
565 566 803 604 necessitate
834 571 1018 603 coactum
1053 576 1140 602 esse
1161 563 1402 613 Sophoclem
1435 562 1612 601 divinam
1644 554 1852 609 induebv'ei‘

266 650 491 688 personam.
556 637 658 675 Nam
690 643 728 674 et
760 636 847 675 sola
877 635 1060 673 Minerva
1093 634 1250 672 sciebat
1280 633 1416 671 Aiacis
1461 633 1679 672 insaniam*
1701 644 1836 684 neque

266 722 359 747 vero
392 708 470 746 alia
502 708 583 746 ulla
616 719 792 757 persona
823 707 964 746 eadem
1003 719 1094 744 cum
1136 706 1217 744 fide
1249 705 1389 744 mirum
1434 705 1564 744 noetis
1595 700 1852 756 praeteriffl·

265 780 413 817 factum
447 791 608 816 narrare
641 785 807 827 poterat.
873 778 953 816 Sed
986 790 1076 815 cum
1109 778 1326 815 Tecmessa
1357 789 1404 815 ea
1435 777 1613 826 quidem,
1657 788 1766 827 quae
1786 776 1845 817 “lm

264 850 438 888 tentorio
470 850 572 887 Aiax
604 849 739 899 gessit,
775 849 861 898 ipsa
895 848 1049 894 viderit,
1083 848 1231 886 factum
1264 855 1336 893 est,
1359 854 1400 885 ut
1432 847 1531 886 duas
1563 855 1684 898 poeta
1714 846 1847 888 noun·

266 922 420 959 obserat
443 920 623 958 insaniae
647 919 950 969 descriptiones,
974 920 1139 958 alteram
1159 918 1376 964 Minervae,
1395 919 1559 957 alteram
1577 919 1848 966 'l'ecmesssqt

266 1005 433 1042 quarum
467 993 571 1029 hanc
603 991 656 1030 de
688 991 734 1028 iis
767 998 920 1029 tantum
953 990 1100 1036 dicere,
1135 1002 1240 1039 quae
1283 989 1405 1039 ipsius
1449 989 1576 1028 oculis
1619 987 1847 1042 aeceperiu

265 1064 373 1101 illam
406 1075 499 1101 vero
533 1062 732 1112 pecudum
766 1069 936 1112 stragem
970 1061 1064 1099 foris
1102 1061 1247 1099 factam
1279 1073 1480 1110 exponere
1519 1067 1664 1111 sponte
1693 1059 1850 1101 mliv

266 1135 382 1183 gitur.
447 1135 497 1171 Et
528 1140 664 1171 tamen
696 1145 826 1171 errare
857 1132 1078 1182 putaverim
1111 1144 1194 1176 θος,
1228 1131 1297 1180 qui
1329 1132 1433 1170 hanc
1474 1145 1595 1171 unam
1627 1143 1850 1184 argum-‘t

264 1205 293 1243 ti
326 1204 596 1242 diversitatem
629 1203 731 1242 inter
762 1210 970 1252 utramque
993 1203 1134 1241 furoris
1155 1203 1466 1265 descriptionem
1489 1202 1852 1246 intercedere·oxi·i

265 1276 436 1314 stiment.
502 1277 592 1313 Dea
625 1275 731 1313 enim
754 1288 845 1313 cum
868 1275 978 1314 Ulixi
1002 1275 1250 1324 respondens
1272 1275 1379 1313 velut
1401 1275 1539 1324 primis
1561 1275 1677 1314 lineis
1696 1272 1852 1318 Ἀἱίώία

269 1348 440 1384 furorem
475 1346 658 1395 designet
691 1353 741 1391 et,
775 1354 817 1384 ut
840 1346 979 1384 divino
1002 1346 1184 1395 praedita
1205 1345 1368 1390 iudicio,
1391 1358 1554 1384 causam
1578 1347 1722 1387 mentis
1742 1346 1852 1389 ulier-⁷

268 1417 443 1455 nationis
476 1424 665 1466 exponat,
700 1417 919 1454 Tecmessa
950 1417 1079 1454 nuntii
1111 1417 1193 1454 fere
1224 1429 1388 1455 munere
1419 1418 1606 1467 iungitur,
1651 1417 1719 1469 qui
1751 1428 1852 1459 καὶ

267 1489 474 1538 lugubrem
517 1495 674 1537 praeter
706 1488 884 1526 omnium
917 1487 1257 1537 exspectationem
1298 1488 1444 1526 factam
1477 1488 1546 1535 ita,
1578 1495 1621 1528 ut
1664 1488 1849 1540 ipsenvia‘.

265 1560 337 1605 dit,
372 1566 542 1597 enarrat.
607 1559 814 1608 Proprium
847 1559 964 1609 igitur
995 1559 1190 1608 quiddam
1222 1567 1388 1608 utraque
1419 1559 1515 1598 mihi
1547 1561 1697 1599 habere
1728 1558 1852 1601 vida-⁴³

265 1638 327 1669 tur
358 1629 589 1680 descriptio,
623 1643 703 1668 non
739 1627 871 1668 tamen
905 1630 982 1667 hoc
1014 1630 1055 1667 in
1089 1627 1323 1678 argumento
1356 1630 1530 1680 positum
1561 1631 1634 1670 sed
1676 1631 1716 1670 in
1748 1629 1852 1683 penu?

245 1713 468 1750 sonarum,
503 1713 607 1750 quae
639 1701 868 1750 loquuntur,
902 1700 1141 1739 diversitate.
1206 1701 1310 1738 Nam
1355 1708 1462 1740 certe
1505 1701 1619 1741 aliter
1660 1703 1852 1757 loquitu}

267 1773 357 1818 dea,
383 1772 445 1809 cui
479 1772 630 1818 Aiacis,
654 1772 784 1810 Ulixis
818 1771 983 1816 inimici,
1007 1771 1160 1811 facinus
1192 1772 1289 1810 nihil
1322 1773 1443 1811 habet
1473 1780 1540 1812 aut
1561 1773 1852 1813 admirationis·

266 1850 331 1880 aut
364 1843 676 1888 misericordiae,
709 1843 822 1881 aliter
852 1844 1082 1888 Tecmessa,
1106 1843 1170 1881 cui
1202 1855 1264 1881 res
1295 1856 1367 1893 per
1395 1856 1440 1883 se
1470 1845 1694 1884 tristissima
1713 1844 1852 1889 etiaim

266 1914 457 1952 maiorem
490 1914 612 1952 habet
643 1914 892 1952 atrocitatem
925 1921 1087 1964 propter
1117 1915 1393 1971 veliementem
1425 1915 1509 1954 eius
1540 1927 1635 1966 erga
1667 1915 1836 1957 Aiacem

268 1998 459 2024 amorem.
525 1985 753 2023 Secundum
787 1985 984 2023 diversam
1018 1985 1136 2035 igitur
1167 1974 1373 2036 cogitandi
1406 1987 1601 2027 rationem
1631 1999 1722 2029 rem,
1745 1988 1852 2032 dea-s:

267 2055 439 2093 cribunt.
504 2056 713 2094 Praecedit
753 2063 884 2094 autem
918 2056 1126 2095 Minervae
1170 2069 1259 2094 cum
1293 2057 1412 2095 Ulixe
1451 2057 1712 2108 colloquium,
1753 2070 1852 2110 quw

267 2126 307 2164 id
341 2139 504 2182 quoque
537 2127 720 2165 effectum
757 2126 922 2172 videtur,
947 2134 988 2165 ut
1020 2134 1263 2176 spectatores
1295 2140 1378 2166 non
1410 2128 1517 2178 prius
1549 2128 1852 2182 audirent.niu31

266 2197 376 2235 lieris
421 2197 691 2236 narrationem
737 2210 856 2247 quam
890 2198 1097 2236 Minervae
1142 2198 1272 2237 verbis
1315 2199 1366 2237 ad
1408 2199 1588 2239 divinum
1628 2200 1852 2245 arbitrium„

267 2267 401 2306 Aiacis
434 2268 640 2306 calamitas
672 2268 721 2307 sit
754 2269 905 2325 relata,
1713 2282 1742 2314 ,ξ
1783 2290 1852 2323 ,ΗΛ

410 2352 552 2400 Longe
583 2363 678 2389 vero
710 2351 824 2391 aliter
855 2364 937 2392 rem
970 2352 1136 2391 instituit
1161 2353 1384 2403 Euripides.
1418 2366 1538 2403 quam
1571 2335 1852 2396 differentium]

267 2422 461 2471 imprimis
494 2434 580 2460 esse
614 2423 873 2472 repetendam
906 2423 1132 2462 consenties
1165 2436 1189 2462 a
1221 2424 1379 2462 diverso
1411 2433 1619 2474 poetarum
1648 2415 1841 2470 consiliis}

267 2494 445 2542 Apparet
479 2493 599 2541 enim,
635 2494 878 2543 Sophoclem
913 2507 936 2532 a
968 2495 1099 2544 gravis
1131 2495 1320 2533 facinoris
1368 2497 1615 2535 conscientia
1659 2494 1852 2537 voluisse:

268 2570 423 2601 ceteras
457 2564 616 2602 fabulae
648 2572 779 2614 partes
811 2578 1025 2615 suspensas
1057 2578 1157 2611 esse,
1192 2566 1423 2616 Euripidem
1468 2579 1562 2606 vero
1604 2567 1646 2607 id
1678 2568 1834 2620 potissi·

267 2646 375 2671 mum
421 2641 637 2683 spectasse,
684 2643 724 2674 ut
769 2635 1037 2685 prosperrima
1070 2637 1255 2675 Herculis
1301 2637 1467 2687 eiusque
1510 2638 1686 2679 familiae
1727 2646 1852 2680 norw

267 2703 478 2752 repentino
511 2704 691 2743 insaniae
724 2706 881 2744 incursu
914 2706 955 2744 in
983 2706 1224 2745 contrarium
1247 2715 1392 2746 statum
1415 2715 1565 2748 mutato
1585 2722 1705 2783 quam
1727 2714 1843 2751 affl

267 2774 365 2811 rime
397 2782 664 2823 spectatorum
699 2776 821 2814 animi
855 2785 1168 2827 percuterentur.
1775 2786 1809 2811 ¹
1823 2790 1852 2814 f

412 2844 670 2895 Quapropter
702 2847 799 2885 duas
824 2847 1033 2897 Euripides
1065 2849 1226 2888 fabulae
1258 2849 1424 2889 instituit
1445 2859 1589 2902 partes,
1612 2851 1846 2906 inter-*qma-

267 2927 315 2953 ea
346 2914 554 2953 intercedit
586 2917 867 2967 discrepantia,
890 2932 971 2968 ,qua
1005 2920 1276 2958 vehementior
1306 2921 1370 2959 vix
1403 2923 1481 2960 ulla
1504 2922 1630 2973 possit
1650 2922 1844 2974 cogitddl*

408 2986 611 3027 Interfecit
642 2988 792 3039 Lycum
827 2990 1048 3042 Hercules;
1082 2991 1268 3032 liberavit
1299 2999 1427 3032 morte
1457 2993 1640 3045 proxime
1659 2994 1835 3039 munte
