1884 3230
876 188 1175 227 ...40—

385 306 548 358 Optime
581 306 635 346 ad
674 306 795 347 falsas
827 306 980 348 Orestis
1012 305 1172 346 aurium.
1209 314 1249 347 et
1279 308 1487 348 oculorum
1530 307 1809 361 perceptiones

242 379 504 430 Hippocratis
537 379 733 429 quadrant
765 379 866 418 haec
897 379 1020 419 verba
1051 379 1175 418 libelli
1219 379 1270 419 de
1302 381 1444 419 morbo
1477 394 1590 420 sacro
1622 381 1675 420 ad
1707 381 1809 423 insa·

241 450 350 488 niam
381 450 630 500 spectantia:
665 471 718 478 -
744 472 802 479 -
824 446 996 506 ἀνάγκη
1018 472 1075 480 -
1099 473 1154 478 -
1176 449 1285 505 μήτε
1317 450 1396 507 τήν
1416 449 1531 510 ὄψιν
1561 445 1810 509 α’τρεμξειν

240 519 350 576 μήτε
380 517 460 574 τήν
493 518 644 575 α’κοήν,
692 518 785 562 ἄλλ’
820 517 975 563 ἄλλοτε
1007 516 1115 563 ἄλλο
1148 521 1270 580 ὅρᾷνή
1300 528 1374 564 καὶ
1419 522 1607 570 ἀκούειν,
1640 521 1721 579 τήν
1762 537 1810 567 τε

241 589 441 644 γλῶσσαν
484 594 672 638 τοιαῦτα
707 593 1010 648 διαλέγεσθαι,
1059 592 1130 637 οἶα
1175 591 1235 638 ἄν
1275 595 1417 661 βλέπῃ
1462 613 1510 639 τε
1553 599 1630 641 καὶ
1672 594 1808 661 danzig

241 662 459 708 ἑκάστοτε.
523 661 595 719 (cf.
628 667 673 704 L.
708 667 778 706 VI.
811 679 876 717 pg.
913 668 1010 716 368.
1045 666 1072 718 ξ
1111 666 1194 718 14.)

384 762 492 801 Tota
532 774 627 801 vero
673 762 890 813 descriptio
922 762 978 801 ita
1024 770 1083 802 est
1114 763 1295 808 formata,
1336 770 1377 802 ut
1422 775 1557 803 veram
1589 764 1810 803 habeamus

245 833 374 871 morbi
412 833 640 884 imaginem.
706 834 849 884 Neque
894 834 1007 874 aliter
1048 841 1108 874 est
1150 834 1190 873 in
1229 834 1382 874 Orestis
1426 835 1586 875 fabulae
1627 834 1810 882 exordio,

242 905 354 954 quod
386 912 478 955 apte
500 905 795 956 comparaveris
827 918 918 944 cum
942 906 1274 956 Choephororum
1308 906 1440 952 exitu;
1471 906 1622 958 quippe
1642 913 1811 957 utroque

248 976 340 1014 loco
364 976 517 1015 Orestis
549 983 641 1027 post
662 976 799 1015 matris
822 989 962 1016 necem
986 983 1110 1016 status
1132 977 1380 1017 describitur.
1425 979 1533 1016 Ecce
1555 990 1649 1016 vero
1670 977 1812 1017 miram

242 1047 344 1086 inter
365 1048 608 1098 Aeschylum
640 1054 678 1087 et
702 1049 935 1099 Euripidem
958 1048 1247 1088 differentiam!
1274 1049 1413 1088 Paullo
1444 1055 1534 1099 post
1555 1048 1811 1099 parricidium

243 1125 361 1158 acuta
394 1119 493 1158 febri
525 1119 737 1170 corripitur
768 1120 943 1159 Orestes.
978 1120 1029 1159 cf.
1065 1133 1139 1161 VSS.
1175 1117 1324 1171 34135.
1388 1120 1628 1159 Vehementi
1655 1120 1812 1160 laborat

242 1190 422 1240 corporis
444 1190 670 1240 mentisque
701 1191 969 1231 confectione.
1003 1192 1056 1230 cf.
1088 1204 1166 1230 vss.
1192 1204 1246 1242 39
1280 1205 1370 1242 sqq.
1415 1191 1543 1230 Modo
1575 1190 1810 1238 intermittit,

243 1261 367 1301 modo
399 1261 586 1301 increscit
617 1261 747 1300 morbi
778 1262 960 1313 impetus.

388 1357 496 1396 Nolo
544 1363 677 1396 tamen
724 1357 845 1397 totius
889 1357 1170 1408 descriptionis
1211 1358 1389 1409 singulas
1433 1365 1566 1409 partes
1608 1357 1809 1409 persequi,

243 1441 343 1479 quas
376 1429 428 1467 ad
460 1428 501 1466 id
534 1440 674 1467 omnes
713 1428 945 1479 conspirare
988 1430 1262 1480 unusquisque
1305 1429 1541 1474 consentiet.
1575 1436 1617 1468 ut
1657 1429 1812 1468 febrici-

242 1500 362 1538 tantis
394 1499 568 1538 hominis
601 1512 830 1550 expressam
862 1500 1068 1539 videamus
1101 1500 1330 1551 imaginem.
1384 1500 1507 1540 Redit
1539 1500 1660 1541 febris
1691 1500 1813 1552 irnpe-

242 1578 304 1610 tus
335 1584 389 1610 vs.
430 1582 526 1622 253,
560 1570 671 1620 quod
703 1570 883 1610 indicant
915 1572 1014 1610 haec
1047 1572 1231 1611 Electrae
1262 1572 1408 1612 verba:

458 1643 584 1696 οἴμοι,
617 1643 849 1699 κασίγνητ’,
883 1639 1007 1698 ὄμμα
1040 1638 1118 1686 σόν
1149 1641 1426 1700 ταράσσεται,

457 1711 593 1767 ταχύς
624 1711 677 1755 δέ
701 1716 897 1767 μετέθου
930 1713 1105 1765 λύσσαν,
1140 1712 1239 1772 ἄρτι
1272 1715 1517 1773 σωφρονῶν.

390 1796 543 1835 Delirio
566 1809 780 1847 oppressus
813 1810 837 1835 a
858 1797 986 1836 Furiis
1020 1797 1096 1836 sibi
1119 1798 1275 1837 videtur
1306 1797 1471 1848 agitari3
1503 1810 1669 1849 quarum
1692 1811 1811 1838 unam

243 1880 330 1907 esse
362 1867 549 1918 opinatur
581 1868 781 1906 Electram
814 1868 956 1919 ipsam,
990 1882 1093 1919 quae
1123 1881 1243 1908 manu
1274 1869 1443 1908 retinere
1475 1869 1607 1909 studet
1637 1870 1809 1910 fratrem.

242 1939 293 1977 cf.
326 1951 403 1977 vss.
443 1935 617 1990 264l65.

386 2021 488 2060 Satis
503 2020 621 2071 igitur
642 2029 709 2073 pat
717 2030 759 2062 et
773 2023 1024 2073 Aeschyleae
1049 2023 1213 2063 rationis
1227 2025 1379 2063 nullum
1393 2024 1458 2063 hic
1472 2024 1639 2064 inveniri
1656 2023 1811 2075 vestigi-

241 2105 322 2139 um,
339 2092 415 2131 nisi
434 2093 534 2131 forte
550 2094 857 2144 comparaveris,
885 2095 996 2144 quod
1019 2095 1140 2134 etiam
1163 2095 1202 2133 in
1226 2095 1478 2146 Choephoris
1499 2097 1661 2136 Orestes
1677 2095 1808 2136 Furia-

243 2177 329 2202 rum
363 2170 528 2203 terretur
560 2164 815 2216 imaginibus.
870 2165 951 2204 Sed
983 2166 1060 2204 hoc
1092 2165 1254 2205 interest
1286 2166 1387 2206 inter
1412 2167 1602 2217 Aeschyli
1630 2173 1671 2207 et
1700 2166 1810 2209 Euri·

242 2235 348 2286 pidis
394 2236 592 2283 Orestem,
637 2237 747 2287 quod
779 2236 846 2276 ille
878 2236 1042 2286 quidem
1088 2250 1186 2276 sana
1224 2238 1305 2276 sere
1338 2245 1470 2277 mente
1512 2238 1611 2278 deas
1650 2237 1808 2277 ultrices

243 2307 479 2357 conspicere
516 2307 591 2346 sibi
639 2307 806 2354 videtur,
856 2307 921 2346 hic
972 2321 1065 2347 vcro
1112 2308 1255 2347 delirio
1301 2316 1506 2360 correptus
1552 2309 1808 2350 febriculoso.

243 2380 288 2418 In
343 2378 528 2427 Aeschyli
577 2386 709 2418 autem
758 2378 909 2418 nemini
957 2379 1133 2429 suspicio
1180 2379 1341 2420 exsistet
1387 2381 1489 2420 velle
1541 2387 1702 2431 poetam
1752 2380 1809 2422 ita

243 2449 381 2490 Furias
436 2449 638 2499 intellegi,
692 2457 734 2488 ut
777 2449 876 2488 nihil
927 2450 1005 2488 sint
1050 2450 1126 2489 nisi
1177 2451 1420 2502 aegrotantis
1466 2451 1620 2491 Orestis
1664 2453 1808 2492 mentis

244 2533 374 2562 vanae
406 2520 607 2569 quaedam
639 2520 861 2571 imagine53
893 2521 966 2560 sed
1011 2522 1211 2572 praesagit
1243 2522 1397 2562 Orestis
1428 2522 1583 2562 animus
1624 2536 1650 2563 a
1680 2523 1808 2563 Furiis

243 2604 286 2631 se
316 2591 506 2640 agitatum
539 2591 598 2638 iri,
632 2604 731 2641 quas
766 2604 853 2631 esse
884 2605 1022 2632 revera
1051 2594 1190 2633 credit.

384 2674 623 2713 Universam
656 2675 832 2724 denique
865 2675 1066 2726 Euripidis
1104 2677 1415 2727 descriptionem
1446 2677 1624 2717 indolem
1655 2677 1807 2728 optime

243 2744 471 2794 significant
504 2745 604 2784 haec
637 2746 687 2784 G.
724 2746 946 2784 Hermanni
978 2747 1113 2794 verba,
1137 2760 1242 2796 quae
1273 2748 1457 2798 leguntur
1487 2748 1528 2786 in
1559 2748 1806 2799 praefatione

243 2815 295 2854 ad
328 2816 511 2854 Orestem
545 2816 720 2855 fabulam
752 2817 922 2866 scripta:
962 2817 1036 2856 »Ei
1077 2818 1229 2858 homini
1262 2818 1314 2867 (h.
1359 2831 1395 2858 e.
1438 2815 1593 2873 Oresti)
1623 2818 1805 2859 assidens

241 2898 354 2924 soror
385 2893 671 2935 aegrotumque
704 2887 827 2925 modo
858 2887 956 2937 erigi
1002 2888 1125 2927 modo
1169 2888 1350 2928 reclinari
1391 2889 1619 2939 cupientem
1662 2889 1804 2930 sedulo

243 2968 399 3003 curans,
434 2957 706 3007 spectaculum
740 2957 917 3007 praebet,
964 2959 1081 3008 quale
1113 2958 1153 2997 in
1195 2959 1333 3009 quavis
1364 2960 1488 2999 domo
1531 2959 1666 3000 videre
1696 2960 1803 3007 licet,
