1852 3242
861 222 1158 251 ...χο-.-

511 344 588 384 aaz
621 338 700 384 νῦν
731 346 778 383 τί
804 335 882 397 χρῆ
918 339 1057 399 decim·
1090 337 1207 392 ὅστις
1237 338 1446 397 ἐμφανοῦς
1477 345 1603 391 θεοῖς

509 411 780 469 ἐχθαίρομαι
813 435 867 439 —-
903 436 957 441 —

366 543 609 582 Tecmessae
640 557 747 590 vero,
794 557 844 584 ne
888 544 1011 583 vitam
1052 543 1263 595 relinquat,
1305 545 1532 586 obsecranti
1577 543 1793 598 respondet

223 612 289 663 (cf.
325 626 399 653 VSS.
438 610 662 668 589—90)

893 722 942 766 οὐ
973 721 1174 766 adram&
1208 721 1290 778 ἐγώ
1326 725 1446 775 θεοῖς

554 794 613 845 οἷς
645 791 776 838 οὐδὲν
807 794 958 852 α’ρκεῑν
989 797 1070 850 εἴμ’
1104 795 1324 852 ὀφειλέτης
1355 795 1445 847 ἔτι,-

367 927 552 977 Denique
586 927 640 973 id,
665 927 704 966 in
731 940 812 977 quo
845 928 963 967 totius
997 929 1159 968 fabulae
1191 929 1306 979 quasi
1329 930 1454 969 cardo
1476 935 1661 976 vertatur,
1683 935 1790 969 com-

204 998 435 1048 ⁴prehendit
468 999 644 1038 Calchae
676 998 908 1038 vaticinium
941 1013 1022 1039 vss.
1061 1003 1142 1050 756
1176 1013 1290 1050 seqq.
1776 1008 1778 1011 ’

367 1095 425 1132 Ex
458 1093 505 1132 iis
539 1107 640 1144 quae
673 1095 865 1133 hactenus
897 1094 1100 1146 disputata
1140 1102 1244 1140 sunt,
1286 1096 1392 1135 clare
1433 1095 1690 1146 cognoscitur
1709 1091 1791 1141 So·
1846 1127 1848 1131 ,

222 1166 436 1215 phoclcam
491 1166 671 1204 insaniae
724 1167 1000 1205 tractationem
1054 1166 1259 1217 pristinam
1311 1167 1363 1206 de
1409 1168 1576 1207 deorum
1629 1153 1793 1207 numine

221 1237 455 1287 opinionem
489 1250 687 1287 nusquam
721 1238 880 1276 turbare
926 1245 1046 1288 atque
1088 1251 1137 1277 eo
1182 1246 1362 1289 spectare
1406 1238 1521 1278 huius
1563 1238 1692 1278 morbi
1724 1237 1791 1279 de-

220 1308 493 1358 scriptionem,
534 1316 574 1347 ut
611 1310 755 1348 excitet
788 1310 827 1347 in
870 1316 1137 1359 spectatorum
1171 1309 1314 1349 animis
1362 1310 1504 1349 iustam
1553 1323 1648 1362 erga
1691 1306 1791 1350 deos

220 1387 410 1429 tanquam
464 1392 616 1430 aequos
670 1393 798 1418 rerum
848 1381 1111 1419 humanarum
1165 1381 1334 1420 arbitros
1386 1381 1589 1432 pietatem.
1668 1367 1791 1421 Cuius

219 1450 382 1500 quidem
414 1451 571 1501 pietatis
604 1452 689 1502 ipse
711 1451 813 1494 Aiax
846 1465 929 1490 non
962 1452 1128 1502 praebet
1149 1453 1391 1503 exemplum,
1415 1453 1485 1503 qui
1517 1466 1599 1492 non
1631 1465 1789 1500 curans,

219 1535 288 1560 cur
320 1530 469 1561 tantam
504 1523 670 1562 deorum
707 1524 783 1562 sibi
816 1524 1058 1563 contraxerit
1090 1523 1202 1573 iram,
1237 1523 1373 1563 animo
1420 1524 1544 1575 impio
1589 1531 1628 1562 et
1670 1522 1791 1563 obsti-

218 1601 316 1632 nato
365 1595 635 1634 calamitatem
680 1596 753 1634 fert
796 1595 987 1634 divinitus
1032 1595 1206 1634 missam.
1271 1596 1358 1634 Nec
1399 1609 1494 1636 vero
1538 1595 1792 1635 convenisset

216 1677 306 1703 cum
341 1666 503 1704 heroica
535 1666 672 1705 Aiacis
705 1679 878 1717 persona
910 1667 988 1705 alia
1020 1666 1219 1705 sentiendi
1252 1666 1363 1706 ratio.

361 1761 558 1811 Sequitur,
605 1769 646 1800 ut
689 1762 959 1808 enucleemus,
1005 1763 1165 1812 qualem
1210 1762 1422 1812 Euripides
1466 1762 1567 1802 inter
1607 1761 1788 1802 divinum

215 1832 423 1871 arbitrium
456 1834 759 1883 naturalemque
790 1846 921 1873 rerum
954 1846 1110 1872 cursum
1143 1833 1390 1873 constituerit
1423 1833 1632 1873 rationem.

360 1928 500 1977 Longe
533 1936 727 1966 remotum
763 1929 881 1967 fuisse
904 1928 1137 1979 Euripidem
1170 1929 1222 1967 ab
1245 1929 1469 1979 Aeschylea
1497 1934 1537 1967 et
1559 1927 1789 1980 Sophoclea

218 1998 386 2037 deorum
420 1999 613 2049 opinione
645 1999 777 2038 notius
810 2006 868 2038 est
900 2012 1020 2050 quam
1054 1989 1165 2049 quod
1209 2001 1344 2039 denuo
1388 1999 1581 2050 exemplis
1622 1998 1786 2038 illutrari

214 2070 441 2108 conveniat.
507 2071 663 2110 Tamen
696 2071 874 2110 divinam
908 2071 1095 2110 Herculis
1127 2071 1269 2109 furoris
1301 2071 1497 2122 originem
1529 2077 1668 2121 utpote
1688 2069 1785 2110 anti-

214 2141 303 2190 quis
338 2141 527 2180 traditam
562 2142 705 2180 fabulis
728 2142 855 2192 iisque
888 2142 928 2180 in
961 2142 1139 2180 omnium
1173 2142 1420 2181 versantibus
1451 2142 1558 2181 fama
1583 2148 1623 2181 et
1643 2140 1789 2181 notitia

214 2219 377 2261 apertcn
392 2220 450 2251 est
466 2226 546 2251 non
562 2213 742 2263 potuisse
756 2214 795 2251 in
814 2226 937 2262 scena
954 2214 1112 2252 tractari
1130 2214 1182 2252 ab
1194 2213 1385 2264 Euripide
1402 2213 1477 2252 nisi
1487 2213 1553 2259 ita,
1570 2219 1612 2252 ut
1628 2225 1654 2252 a
1669 2213 1786 2252 Iuno·

213 2283 274 2321 nis
299 2283 508 2323 inimicitia
532 2284 861 2334 proficisceretur.
905 2285 1038 2334 Atque
1062 2296 1109 2323 ex
1132 2285 1209 2322 hac
1232 2284 1466 2323 difficultate
1489 2283 1586 2322 mihi
1607 2289 1785 2334 repetet*-

215 2355 268 2393 da
304 2355 459 2394 videtur
491 2355 706 2405 explicatio
739 2355 897 2393 consilii
932 2355 1151 2405 Euripidei.
1215 2355 1359 2394 Divisit
1392 2355 1570 2395 insaniae
1610 2354 1785 2406 descrip-

215 2425 365 2463 tionem
399 2426 436 2463 in
473 2427 572 2465 duas
606 2433 738 2476 partes
771 2439 921 2476 easque
954 2427 1057 2465 inter
1087 2439 1130 2465 se
1163 2439 1323 2477 prorsus
1355 2427 1545 2473 diversas,
1579 2426 1646 2473 ita,
1680 2432 1722 2465 ut
1742 2425 1783 2465 in

213 2496 344 2546 priore
378 2497 521 2546 mythis
554 2498 769 2536 obsecutus
802 2505 976 2536 veterum
1010 2505 1183 2536 uteretur
1213 2504 1252 2536 et
1284 2497 1489 2547 cogitandi
1521 2505 1560 2536 et
1590 2491 1784 2547 loquendi

213 2568 516 2614 consuetudine,
552 2568 590 2606 in
626 2570 749 2607 altera
781 2576 912 2607 autem
948 2568 1066 2607 nobis
1107 2569 1262 2608 obserat
1305 2569 1543 2607 calamitatis
1583 2568 1784 2608 tractatio-

212 2651 302 2676 nem
338 2640 390 2677 ad
423 2639 627 2678 veritatem
663 2648 701 2678 et
733 2640 1020 2678 humanitatem
1066 2641 1428 2680 accommodatam.
1494 2642 1585 2679 Hac
1627 2639 1784 2679 ratione

213 2710 343 2749 effecit
375 2711 599 2760 Euripides,
634 2720 674 2750 ut
707 2719 744 2750 et
777 2712 901 2751 divini
935 2712 1101 2750 lunonis
1132 2712 1282 2750 arbitrii
1315 2712 1417 2750 iusta
1459 2712 1653 2751 habeatur
1682 2710 1784 2750 ratio

213 2794 343 2830 neque
376 2782 535 2820 divinae
569 2795 764 2832 personae
797 2783 872 2833 ipsi
896 2783 1045 2821 actioni
1068 2783 1304 2822 inserantur.
1367 2783 1508 2828 Vides,
1532 2789 1685 2833 quanto
1703 2781 1798 2822 dis-⁴

212 2853 357 2891 sentiat
386 2866 410 2891 a
442 2853 657 2902 Sophocle.
724 2854 865 2903 Neque
898 2855 1004 2893 enim
1038 2867 1204 2904 usquam
1239 2855 1315 2893 dea
1348 2854 1465 2892 nobis
1496 2853 1669 2892 occurrit
1689 2864 1780 2893 cum

212 2923 374 2961 homine
396 2924 643 2973 colloquium
668 2938 883 2964 conserens
906 2935 945 2963 ut
970 2925 1151 2964 Minerva
1174 2926 1213 2963 in
1238 2926 1377 2971 Aiace,
1396 2925 1468 2964 sed
1489 2933 1674 2975 separata
1690 2933 1782 2964 sunt

212 2994 377 3032 omnino
392 2994 529 3032 divina
545 3003 583 3033 et
598 2996 783 3035 humana.
811 2998 930 3043 »At«,
950 2996 1072 3035 audio
1090 2997 1392 3048 obloquentem,
1415 3004 1480 3034 »ut
1498 2996 1614 3035 Iridis
1630 3002 1670 3035 et
1685 2995 1781 3046 hyb-
