1852 3242
922 182 1190 222 ..6-

273 311 460 353 Herculis
495 309 653 351 insania
682 316 873 358 versatur,
907 310 1097 352 dramatis
1129 320 1283 365 partem
1315 314 1453 355 fallere
1481 312 1633 367 nequit,
1662 323 1756 362 ωας
1843 366 1846 372 ⁴

271 386 354 424 lum
387 385 486 424 duas
518 384 589 422 sed
622 390 700 422 tres
733 383 875 422 furoris
907 384 1198 435 descriptiones
1230 385 1282 424 ab
1307 385 1499 437 Euripide
1518 398 1607 426 esse
1627 386 1719 426 ¹⁰1³·
1850 414 1852 419 .

273 468 439 506 quarum
474 455 602 505 prima
636 454 814 494 versibus
849 456 1097 506 814—865,
1120 456 1299 495 versibus
1332 458 1534 508 866—98
1566 458 1762 513 altem-:¹¹

272 526 448 575 denique
480 525 608 565 nuntii
639 526 868 565 continetur
898 526 1138 567 narratione.
1201 528 1288 567 Nec
1318 540 1413 568 vero
1443 541 1494 568 eo
1537 528 1692 569 tantuin
1722 551 1725 556 ·
1802 517 1846 546 ”

272 605 373 643 runt,
407 597 517 647 quod
549 597 638 643 hac,
679 597 809 647 qualis
854 597 903 636 sit
948 598 1112 645 futurus,
1158 597 1240 644 illa,
1286 599 1494 649 quomodo
1535 606 1724 651 agamni.
1762 610 1809 644 ',··
1842 635 1845 638 ,

271 668 520 715 describitur,
554 668 670 707 tertia
699 680 808 714 vero,
833 668 962 718 qualis
996 668 1123 716 fuerit,
1157 669 1230 708 sed
1261 681 1342 708 uno
1373 670 1515 709 obtutu
1545 682 1718 722 cogam

272 740 476 791 proprium
509 739 727 789 unicuique
759 752 847 778 esse
878 740 1069 780 colorem.
1132 741 1238 779 Nam
1270 753 1361 780 cum
1383 742 1510 792 Lyssa
1540 748 1581 781 et
1611 741 1689 782 Iris*
1730 767 1733 772 -
1774 770 1782 775 -
1826 750 1847 790 J

272 818 331 850 ter
352 824 424 861 pro
449 811 615 850 deorum
637 811 847 850 sanctitate
868 811 1136 850 vaticinentur
1156 812 1320 850 furentis
1342 812 1528 852 Herculis
1549 813 1727 862 affectus,
1811 832 1818 847 α

272 895 349 929 rus,
373 882 471 932 quid
493 882 664 922 sentiant
686 883 869 921 homines
891 882 933 921 in
964 889 1073 921 tanta
1095 883 1214 922 amici
1245 883 1484 931 calamitate,
1507 884 1632 935 lyrico
1665 877 1852 949 cam&

272 953 404 992 vivide
436 953 643 1005 exprimit5
679 953 839 992 nuntius
872 966 966 992 vero
998 954 1114 1004 epica
1147 954 1302 994 ratione
1335 963 1560 994 accuratam
1594 954 1691 996 facti
1713 959 1852 1010 tw

273 1025 423 1063 tionem
457 1024 635 1063 instituit.
700 1025 858 1074 Quibus
893 1024 934 1063 in
966 1025 1303 1076 descriptionibus
1333 1037 1413 1065 una
1433 1026 1536 1066 inter
1556 1038 1599 1066 se
1620 1025 1852 1082 argumenti

274 1095 566 1135 communitate
597 1095 711 1134 nexis
744 1095 920 1146 prudens
952 1102 1095 1146 poetae
1127 1095 1339 1134 consilium
1370 1097 1507 1136 nescio
1545 1110 1596 1136 an
1640 1103 1845 1153 apmt,

274 1167 343 1217 qui
379 1167 551 1206 eandem
583 1179 666 1206 rem
698 1166 806 1205 varie
838 1166 1107 1206 describendo
1137 1167 1405 1217 explicaverit,
1428 1167 1484 1207 ita
1515 1175 1558 1207 ut
1587 1168 1844 1225 conferrqji·

274 1245 376 1285 ceat,
411 1239 522 1289 quod
553 1239 605 1277 de
638 1239 823 1276 Athenae
854 1238 1178 1288 Tecmessaeque
1209 1237 1340 1276 verbis
1372 1237 1640 1279 disseruimus.

416 1322 601 1373 Singulas
634 1328 766 1360 autem
799 1321 980 1360 insaniae
1012 1321 1303 1372 descriptiones
1335 1333 1426 1360 cum
1455 1321 1620 1362 diversis
1641 1322 1846 1367 coloribus

276 1393 501 1432 distinxerit
535 1393 759 1444 Euripides,
794 1392 922 1431 noluit
954 1405 1022 1431 eas
1055 1393 1107 1431 ad
1139 1391 1314 1432 veritatis
1346 1405 1527 1432 normam
1547 1393 1719 1445 exigere.
1766 1394 1847 1438 m

275 1465 373 1502 tium
408 1465 514 1503 enim
548 1464 727 1502 insaniae
750 1465 901 1514 Lyssae
932 1464 1054 1502 verba
1085 1463 1314 1514 significant
1343 1477 1478 1503 versus
1510 1466 1619 1516 859..
1671 1465 1846 1509 Primum

279 1536 422 1574 domus
456 1536 654 1585 fragorem
686 1535 798 1574 audit
829 1535 974 1574 chorus
1020 1548 1075 1575 vs.
1111 1537 1221 1586 8803
1267 1547 1387 1586 quarn
1430 1542 1680 1593 corruentem
1722 1536 1846 1584 videt,

279 1619 369 1645 curn
402 1607 527 1646 verba
557 1607 730 1658 profert:

709 1677 782 1729 (vs.
818 1678 921 1729 895)
981 1676 1088 1727 ἰδού,
1120 1676 1228 1727 ἰδού,
1265 1678 1436 1721 &val-a

697 1755 799 1790 σείει
832 1748 961 1804 δῶμα
993 1762 1116 1804 συμπ
1147 1756 1265 1791 {nm
1296 1755 1435 1805 στέγη.

425 1820 647 1871 Statimque
690 1821 804 1859 adest
846 1821 886 1858 in
932 1833 1054 1859 scena
1095 1821 1268 1859 nuntius.
1333 1822 1445 1870 Quot
1482 1834 1546 1861 res
1587 1821 1692 1861 intra
1730 1820 1852 1873 breve

281 1891 472 1942 temporis
517 1891 715 1942 spatium,
762 1892 875 1930 chori
919 1892 1096 1932 carmine
1140 1892 1496 1943 circumscriptum,
1528 1891 1651 1932 vidit!
1715 1892 1852 1956 Ωβαρ

283 1964 446 2014 longam
481 1962 648 2001 instituit
680 1962 917 2001 calamitatis
949 1963 1170 2001 secundum
1202 1963 1313 2001 chori
1346 1975 1506 2002 carmen
1529 1962 1735 2004 celerrime
1765 1973 1852 2021 per·

282 2041 396 2072 actae
437 2033 735 2074 narrationem!
801 2034 967 2073 Obicies
1012 2035 1191 2081 sortasse,
1225 2034 1264 2072 in
1296 2035 1375 2072 hoc
1406 2034 1495 2084 ipso
1525 2033 1713 2073 eximium
1755 2045 1851 2086 poe·

285 2112 347 2143 tae
379 2105 569 2143 iudicium
602 2105 724 2151 cerni,
752 2105 820 2154 qui
853 2105 1066 2143 servaverit
1098 2105 1151 2143 ita
1183 2105 1325 2144 iustam
1357 2105 1459 2144 inter
1489 2104 1652 2155 lyricam
1678 2104 1852 2156 epicum-

282 2189 359 2225 que
391 2176 703 2226 descriptionem
735 2176 945 2216 rationem.
1002 2174 1166 2215 Fateor!
1231 2177 1325 2215 Hoc
1357 2189 1450 2215 vero
1481 2176 1546 2214 vix
1572 2165 1851 2227 ⁶negabiflllss'l

280 2247 320 2285 lo
352 2255 472 2296 pacto
505 2247 588 2286 fieri
621 2247 810 2297 potuisse,
834 2254 875 2285 ut
906 2247 1066 2285 nuntius
1098 2260 1180 2285 non
1202 2248 1331 2286 solum
1364 2260 1424 2295 ea,
1456 2259 1561 2297 quae
1591 2243 1852 2297 postdoffl

282 2318 436 2356 ruinam
469 2317 712 2364 acciderent,
747 2317 870 2368 ipsius
903 2318 1029 2356 oculis
1062 2317 1214 2357 videret
1246 2318 1316 2357 sed
1349 2317 1469 2357 etiarn
1501 2317 1718 2356 Herculem
1757 2311 1852 2364 Μ

282 2389 470 2427 mientem
516 2402 597 2427 una
640 2402 729 2427 cum
762 2389 1053 2439 Amphitryone
1098 2389 1320 2439 ceterisque
1363 2390 1486 2428 servis
1529 2388 1582 2428 ad
1617 2380 1848 2429 column&

281 2460 482 2509 alligaret:
547 2460 695 2510 quippe
737 2459 803 2509 qui
851 2459 890 2498 in
933 2472 1096 2498 scenam
1138 2460 1327 2510 prodiret,
1370 2459 1463 2498 ilico
1503 2458 1574 2498 ubi
1616 2463 1847 2516 cornetum

282 2529 429 2571 aedes!
1714 2535 1716 2538 ’
1832 2531 1850 2542 '⁴

425 2600 655 2651 Euripidem
689 2613 771 2639 non
803 2614 961 2651 semper
991 2601 1087 2640 satis
1119 2602 1353 2641 observasse
1384 2601 1618 2641 continuum
1653 2586 1849 2653 temporu

282 2684 521 2716 successum,
567 2672 680 2720 plura
724 2672 884 2710 {abulae
929 2671 1012 2710 eius
1057 2672 1241 2711 obferunt
1281 2672 1477 2723 exempla.
1541 2672 1666 2722 Quod
1705 2671 1850 2713 tamefi

282 2742 452 2792 amplius
484 2743 669 2792 persequi
702 2756 808 2781 nunc
841 2744 949 2782 nolo.
1015 2745 1182 2782 Monere
1212 2743 1306 2782 satis
1337 2743 1483 2791 haben,
1515 2755 1598 2781 non
1641 2741 1790 2782 solum
1799 2727 1852 2783 iti'

282 2813 409 2850 nuntii
441 2813 735 2851 narrationibus
768 2815 974 2863 neglectae
1006 2815 1143 2865 paullo
1174 2813 1365 2864 temporis
1398 2813 1539 2852 rationi
1582 2825 1674 2853 eum
1714 2796 1843 2855 inffld

283 2884 402 2929 sisse,
449 2884 558 2933 quod
605 2884 865 2923 Wilamowitz
909 2885 961 2923 ad
1006 2892 1181 2923 nostrum
1227 2885 1359 2924 locum
1404 2884 1582 2924 adnotat.
1645 2884 1706 2929 cf.v
1730 2890 1758 2924 t.
1789 2875 1852 2926 11:

283 2967 347 3004 pg.
387 2964 465 3005 315
501 2954 526 2994 1.
559 2954 584 2992 l.
649 2956 766 2994 Certe
799 2955 894 2994 mihi
927 2956 1098 3006 exempli
1130 2955 1258 3006 gratia
1302 2955 1409 2994 idem
1454 2967 1645 3006 pecasse
1685 2954 1852 3001 viden&
