1884 3230
853 183 1151 235 -33-

219 296 441 365 proveniat.
503 314 631 354 Vides
673 325 832 365 prorsus
875 313 995 353 aliam
1037 319 1276 364 potestatem
1321 312 1388 352 hic
1429 312 1581 354 habere
1622 312 1787 354 dearum

221 398 413 436 personas
445 398 565 435 quam
611 386 652 424 in
685 385 1013 424 Eumenidibus..
1054 386 1190 434 Quare
1231 397 1322 424 cum
1356 385 1418 424 vix
1450 385 1501 424 sit
1532 385 1648 425 verisi
1678 386 1786 432 mile,

221 456 373 506 duplici
396 457 558 500 ratione
573 456 816 506 Aeschylum
839 468 927 495 esse
958 468 1085 503 usum,
1109 455 1337 496 consenties
1359 468 1480 507 quam
1503 456 1789 496 alienissimam

221 540 246 566 a
278 535 411 566 mente
443 527 528 567 eius
560 540 647 568 esse
679 526 862 567 Muelleri
894 526 1140 578 opinionem.

365 599 551 649 Denique
583 598 819 644 monuerim,
852 605 976 637 totam
1011 598 1126 636 huius
1157 611 1302 637 scenae
1334 599 1374 638 in
1405 606 1674 650 spectatorum
1706 598 1790 638 ani·

222 669 296 707 mis
329 669 553 710 efficaciam
585 669 671 710 tolli
711 682 804 711 vera
835 669 1027 722 Erinyum
1069 669 1305 723 praesentia.
1369 670 1478 710 Dicit
1522 671 1668 711 chorus
1710 683 1788 710 vss.

229 743 338 790 1048
372 753 496 794 seqq:
707 790 710 792 ,

512 820 627 865 τίνες
658 826 704 856 σε
735 812 878 864 δόξαι,
910 812 1083 869 φίλτατ’
1115 810 1375 870 ἅνθρῶπων
1405 819 1554 870 πατρί,

511 885 789 942 σιροβοῢσιν;
822 886 926 939 ἴσχε,
959 881 1019 940 μὴ
1044 885 1183 940 φοβοῦ
1214 882 1347 927 νικῶν
1378 882 1504 928 πολύ.

367 956 442 996 Cui
472 957 691 1008 respondet
722 958 906 998 Orestesz

231 1039 341 1080 1050
374 1041 488 1079 seqq.
512 1027 588 1072 οὐκ
620 1030 701 1071 εἰσὶ
732 1027 860 1077 δόξαι
892 1027 1033 1070 τῶνδε
1066 1026 1282 1084 πημάτων
1312 1026 1413 1083 ἒμοί

511 1097 659 1155 σαφῶς
688 1098 775 1157 γάρ
806 1099 904 1141 αἵδε
933 1097 1095 1154 μητρός
1127 1097 1293 1153 ἔγκοτοι
1325 1099 1459 1150 κύνες.

371 1183 482 1232 Quid
513 1182 630 1222 vero!
665 1184 766 1222 haec
799 1183 922 1222 verba
953 1195 1048 1222 num
1082 1184 1201 1222 ullam
1234 1183 1418 1222 habitura
1450 1184 1614 1223 luissent
1646 1183 1738 1231 vim,
1758 1183 1794 1222 si

228 1256 305 1294 iam
328 1254 634 1305 conspexissent
655 1261 897 1305 spectatores
919 1253 1086 1292 Furias?
1139 1254 1239 1292 Mihi
1261 1267 1396 1293 verum
1418 1262 1563 1305 poetae
1582 1253 1793 1293 consilium

228 1333 431 1366 assecutus
463 1338 551 1365 esse
581 1326 738 1365 videtur
759 1326 810 1364 G.
836 1326 1106 1371 Hermannus,
1130 1338 1219 1364 eum
1242 1325 1340 1364 dicit
1369 1321 1440 1375 (cf.
1473 1338 1568 1376 opp.
1601 1331 1698 1364 tom.
1720 1325 1794 1364 VI.

227 1412 294 1449 pg.
335 1398 455 1449 135):
489 1420 547 1426 ——
585 1410 651 1436 »es
685 1397 844 1436 werden
889 1397 993 1435 wohl
1026 1398 1150 1436 Lente
1181 1409 1314 1448 genug
1345 1397 1549 1444 einsehen,
1593 1397 1686 1435 dass
1724 1396 1798 1435 der

229 1469 347 1508 weise
380 1468 546 1507 Dichter
577 1469 650 1507 das
691 1468 835 1506 hochst
866 1467 1066 1517 tragische
1098 1468 1231 1506 Sehen
1273 1467 1345 1507 der
1380 1469 1411 1506 F
1415 1467 1526 1506 urien
1571 1467 1626 1506 im
1658 1467 1797 1507 Geiste

230 1540 271 1578 in
303 1541 383 1579 den
417 1540 687 1590 Choephoren
720 1540 822 1578 eben
855 1539 994 1578 darum
1026 1539 1181 1585 erfand,
1210 1539 1337 1578 damit
1368 1539 1439 1578 das
1471 1539 1673 1578 wirkliche
1702 1538 1797 1578 Auf-

229 1618 357 1651 treten
374 1611 415 1649 in
438 1612 519 1650 den
541 1610 792 1650 Eumeniden
815 1610 882 1649 die
901 1611 1034 1649 rechte
1060 1610 1252 1661 Wirkung
1269 1611 1579 1662 hervorbringen
1601 1610 1795 1649 konntec.

375 1683 528 1727 Restat,
563 1690 604 1721 ut
635 1689 877 1732 anteaquam
909 1682 962 1720 ad
994 1682 1227 1732 Euripidem
1270 1688 1530 1728 transeamus,
1562 1693 1665 1732 quae
1695 1680 1799 1720 inter

231 1755 332 1795 duas
364 1753 554 1803 Aeschyli
585 1753 843 1792 describendi
873 1753 1049 1791 rationes
1082 1752 1315 1799 intercedat,
1349 1753 1616 1792 enucleemus.

376 1826 511 1874 Atque
542 1824 677 1874 specie
708 1824 870 1874 quidem
903 1824 1070 1863 omnino
1111 1831 1201 1862 sunt
1232 1824 1428 1863 diversae.
1489 1823 1632 1863 Acrius
1662 1830 1798 1862 tamen

233 1898 453 1936 intuentem
485 1896 621 1934 fallere
651 1895 804 1945 nequit,
837 1895 1014 1945 quadam
1047 1907 1095 1934 ex
1127 1902 1240 1945 parte
1284 1895 1426 1934 mirum
1459 1895 1499 1933 in
1531 1894 1697 1934 modum
1729 1905 1798 1934 eas

233 1967 462 2007 concinere.
495 1989 554 1997 —
584 1966 758 2005 Instituit
789 1966 896 2005 enim
936 1966 1085 2016 ubique
1116 1966 1171 2004 ita
1202 1966 1423 2016 Aeschylus
1463 1965 1594 2005 morbi
1625 1964 1799 2016 daecrip

233 2039 398 2085 tionem,
434 2045 474 2076 ut
505 2051 588 2076 non
619 2038 779 2088 agendo
820 2038 1020 2076 elucescat
1051 2037 1207 2075 insania
1237 2050 1312 2075 nec
1352 2031 1519 2075 omnino
1550 2036 1591 2075 in
1622 2036 1712 2087 ipso
1742 2035 1799 2074 in·

236 2110 418 2149 saniente
450 2109 630 2159 corporis
662 2108 887 2158 mentisque
917 2109 1082 2147 affectus
1109 2115 1351 2158 appareant;
1375 2109 1446 2147 sed
1478 2108 1623 2147 mentis
1643 2118 1801 2158 semper

235 2187 326 2220 sunt
347 2187 555 2230 compotes
578 2182 740 2219 Orestes
772 2187 810 2218 et
829 2180 891 2229 Jo.
954 2179 1096 2228 Neque
1119 2178 1342 2228 exceperim
1366 2191 1434 2218 eas
1466 2191 1622 2225 scenas,
1654 2177 1800 2228 quibus

235 2249 349 2291 vanis
381 2251 622 2300 imaginibus
654 2257 860 2289 terrentur.
924 2250 1029 2288 Nam
1070 2249 1190 2288 etiam
1232 2249 1297 2287 hic
1336 2249 1538 2288 concedes
1570 2261 1706 2288 revera
1743 2247 1799 2287 in-

237 2331 388 2373 tegram
421 2334 582 2361 manere
605 2322 748 2360 mentis
781 2321 1005 2366 sanitatem,
1029 2321 1139 2370 quod
1173 2320 1299 2371 magis
1322 2321 1389 2359 fiet
1419 2321 1673 2371 perspicuum
1692 2331 1799 2360 com-

237 2400 376 2445 parata
408 2393 610 2443 Euripidis
643 2392 808 2431 ratione.
873 2391 1080 2440 Quaesivit
1121 2391 1239 2441 igitur
1269 2392 1490 2441 Aeschylus
1530 2398 1694 2430 externa
1722 2390 1799 2430 sibi

237 2464 450 2516 praesidia,
475 2463 619 2514 quibus
652 2469 964 2514 repraesentaret
986 2462 1195 2501 insaniam,
1250 2463 1435 2512 Quorum
1468 2463 1508 2501 in
1541 2463 1670 2502 forma
1689 2462 1800 2502 diffe-

238 2543 328 2574 runt
358 2535 440 2574 duo
471 2534 752 2584 descriptionis
783 2546 943 2584 genera.
1005 2535 1051 2571 In
1083 2533 1334 2583 Choephoris
1365 2533 1471 2572 enim
1502 2540 1543 2572 et
1563 2533 1800 2573 Prometheo

239 2606 385 2645 fabulis
417 2605 602 2644 inusitata
631 2605 806 2655 quadam
838 2604 1029 2643 orationis
1061 2605 1188 2642 forma
1210 2611 1250 2643 et
1281 2604 1600 2654 metaphorarum
1629 2604 1802 2644 audacia

239 2677 451 2715 illustratur
482 2676 651 2722 insania,
684 2676 725 2714 in
758 2675 1047 2714 Eumenidibus
1078 2687 1172 2714 vero
1205 2674 1394 2724 Erinyum
1426 2674 1606 2714 horribili
1625 2682 1799 2723 caterva,

240 2748 385 2798 quibus
428 2747 531 2786 bene
576 2747 726 2786 habeas
771 2755 1021 2797 perspectum
1063 2758 1144 2784 non
1189 2758 1258 2784 eas
1294 2746 1538 2795 Aeschylum
1576 2745 1801 2796 assignasse

240 2825 386 2869 partes,
420 2824 460 2855 ut
491 2817 615 2856 divini
647 2817 799 2856 arbitrii
830 2825 969 2867 gerant
1001 2829 1237 2867 personam,
1270 2816 1342 2855 sed
1382 2823 1424 2855 ut
1454 2816 1645 2855 naturalis
1674 2816 1801 2856 cuius-

240 2888 335 2928 dam
378 2887 543 2937 eiusque
594 2900 646 2926 ne
700 2888 865 2927 deorum
911 2887 1074 2937 quidem
1119 2886 1312 2925 voluntati
1355 2886 1555 2925 obnoxiae
1597 2886 1801 2937 potentiae

239 2966 417 2998 atrocem
449 2958 732 3008 crudelemque
763 2958 841 2996 vim
872 2965 964 2997 ante
995 2958 1134 2996 oculos
1166 2965 1404 3008 proponant.
1434 2975 1441 2980 ·
