1884 3230
766 225 1060 265 ..43-

133 357 160 397 y
190 357 359 396 occupe,
391 345 430 386 la
461 358 580 385 cause
610 344 663 385 de
692 344 733 384 la
763 345 988 396 puissance,
1021 344 1119 396 qu’il
1148 358 1174 396 y
1204 358 1228 386 a
1267 348 1444 392 exercee,
1491 350 1577 384 tout
1607 343 1695 384 cela

135 418 197 455 est·
226 417 328 456 dans
358 418 399 456 la
430 419 539 456 force
570 418 641 456 des
673 418 891 456 anciennes
931 417 1144 464 doctrines,
1179 418 1276 469 qu’il
1317 418 1534 463 embrassa,
1579 417 1694 455 deve·

134 487 277 537 loppa,
311 489 460 527 soutint
492 502 588 528 avec
620 490 756 536 talent,
791 490 978 540 employa
1008 502 1106 528 avec
1138 490 1320 528 bonheur
1339 496 1378 527 et
1399 488 1579 527 transmit
1600 487 1694 537 plei-

134 570 206 596 nes
238 559 290 598 de
321 560 397 606 vie,
430 561 482 599 de
514 561 622 599 force
654 567 692 599 et
723 561 775 599 de
806 561 1052 611 profondeur
1082 562 1106 599 a
1137 561 1176 598 la
1198 560 1399 610 posterite.
1465 560 1581 607 Quae
1603 570 1694 596 cum

134 628 190 668 ita
220 630 311 676 sint,
344 631 503 681 corpori
534 632 770 682 scriptorum
794 631 1172 681 Hippocraticorum
1205 631 1287 669 iure
1318 630 1414 668 mihi
1446 630 1585 668 videor
1605 642 1694 668 eam

133 701 345 740 attribuere
375 703 664 749 auctoritatem,
698 710 739 741 ut
769 704 989 742 referantur
1019 703 1060 741 in
1092 715 1141 741 eo
1174 702 1379 742 universae
1401 701 1533 752 potius
1554 700 1694 747 veteris

135 772 360 811 medicinae
393 774 576 812 Graecae
607 774 770 813 decreta
800 782 839 813 et
870 774 1104 813 sententiae.

277 845 431 883 Tamen
463 845 566 889 libri,
601 845 668 894 qui
701 851 799 901 περὶ
829 843 943 902 ἱερῆς
975 844 1127 888 νούσου
1158 844 1396 889 inscribitur,
1420 843 1532 881 cuius
1563 843 1695 892 plures

134 914 305 954 vidimus
338 917 450 954 locos
483 917 625 954 mirum
657 917 698 955 in
731 918 894 956 modum
926 930 1016 955 cum
1049 916 1249 966 Euripidis
1281 915 1486 954 sententiis
1529 926 1694 953 consen—

134 985 220 1032 tire,
253 987 350 1036 quid
383 988 435 1026 de
467 988 702 1027 auctoritate
736 989 1026 1039 Hippocratica
1068 995 1220 1027 veteres
1265 994 1303 1026 et
1345 986 1594 1025 recentiones
1625 984 1695 1022 cri-

134 1057 202 1095 tici
235 1058 510 1104 iudicaverint,
543 1059 716 1098 breviter
746 1072 982 1109 percensere
1015 1072 1160 1109 operae
1193 1058 1265 1097 erit
1296 1058 1478 1108 pretium.

277 1130 490 1168 Erotianus
522 1131 631 1168 nulla
663 1131 837 1180 ascripta
868 1137 964 1169 nota
995 1137 1216 1169 ceterorum
1239 1128 1498 1179 Hippocratis
1529 1139 1695 1176 operum

133 1200 364 1250 compagini
395 1201 573 1239 libellum
605 1202 770 1240 inseruit
800 1202 902 1240 inter
933 1201 1163 1250 aitiologica
1194 1201 1279 1239 eius
1300 1200 1447 1249 scripta
1469 1210 1693 1236 numerans.

135 1270 295 1309 Caelius
338 1272 575 1310 Aurelianus
619 1272 670 1310 de
714 1272 842 1311 morb.
887 1273 1024 1310 chron.
1074 1272 1143 1310 lib.
1177 1273 1206 1310 I.
1253 1284 1288 1310 e.
1322 1272 1393 1309 IV.
1436 1270 1462 1320 ξ
1501 1282 1575 1318 131
1614 1264 1693 1319 (ed.

134 1341 325 1391 Amman)
357 1343 552 1391 expressis
585 1343 714 1381 verbis
738 1343 1027 1392 Hippocratem
1061 1343 1238 1381 declarat
1259 1348 1475 1380 auctoram.
1540 1339 1695 1377 Dubius

134 1424 228 1450 vero
259 1412 458 1461 genuinae
495 1413 621 1452 l-ibelli
653 1413 818 1463 originis
849 1413 957 1452 testis
999 1420 1058 1452 est
1089 1413 1281 1451 Galenus.
1345 1413 1444 1450 Tres
1476 1411 1554 1448 huc
1586 1423 1695 1460 spec-

133 1489 219 1521 tant
250 1483 342 1523 loci.

198 1574 214 1578 ⁷
276 1556 322 1592 In
353 1556 469 1594 tertio
511 1557 564 1596 ad
596 1558 665 1595 VI.
700 1557 960 1607 Hippocratis
1000 1556 1172 1606 epidem.
1219 1555 1361 1593 librum
1406 1553 1695 1592 commentario

134 1625 190 1663 ita
227 1625 384 1664 disserit
415 1627 618 1666 Galenus:
663 1626 743 1683 τήν
784 1626 1037 1686 ἐπιληψίαν
1079 1629 1118 1668 οἱ
1162 1626 1346 1668 παλαιοὶ
1391 1630 1465 1666 καὶ
1503 1619 1697 1678 μεγάλην

135 1693 264 1738 νόσον
293 1692 483 1739 ἐκάλουν
513 1703 588 1739 καὶ
620 1696 774 1747 πάθος
806 1697 995 1740 παιδίοιν
1027 1695 1174 1753 ὥσπερ
1196 1695 1328 1742 αὐτὸς
1350 1695 1373 1737 ὁ
1405 1690 1696 1750 Ἱπποκράτης

135 1764 186 1807 ἐν
214 1768 279 1821 τῷ
310 1773 408 1823 περὶ
440 1763 619 1811 ὖδάτων
660 1774 734 1810 καὶ
765 1769 908 1824 α’ίρων
949 1775 1022 1810 καὶ
1067 1767 1218 1810 τόπων
1251 1790 1303 1796 -
1340 1789 1396 1794 -
1430 1798 1438 1805 -
1483 1763 1606 1821 ἱεράν
1648 1764 1696 1806 δὲ

135 1835 262 1879 νόσον
290 1835 397 1879 ἔνιοι
428 1835 544 1879 κατά
580 1838 722 1897 ψευδῆ
756 1835 894 1888 δόξαν
925 1833 1177 1893 ὠνόμασαν,
1219 1838 1276 1888 ὥς
1306 1830 1391 1895 κᾷν
1421 1839 1484 1892 τῷ
1515 1841 1612 1891 περὶ
1645 1838 1696 1876 ἱε-

133 1905 208 1963 ρῆς
231 1907 385 1951 νούσου
404 1908 707 1965 συγγράμματὶ
740 1909 797 1951 δε
813 1908 993 1964 δήλωτ
1009 1928 1037 1951 α
1053 1928 1079 1950 ι.
1143 1909 1207 1961 (cf.
1232 1910 1390 1947 Kuehn.
1417 1910 1465 1946 II.
1490 1921 1554 1957 pg.
1582 1905 1696 1957 34¹·)

278 1992 389 2030 Alter
419 1993 531 2030 locus
563 1999 690 2030 exstat
730 1993 771 2030 in
818 1994 1106 2032 commentario
1150 1993 1202 2031 in«
1222 1991 1483 2042 Hippocratis
1526 2002 1695 2039 progno-

136 2061 234 2100 stica
267 2062 409 2112 primo,
444 2063 512 2100 ubi
543 2064 643 2101 haec
674 2064 863 2114 legimus:
897 2070 1099 2118 φαίνεται
1131 2065 1236 2116 γοῦν
1265 2062 1290 2102 o‘
1320 2059 1613 2115 Ἱπποκράτης
1633 2057 1695 2101 οὗ·

137 2131 186 2174 δὲ
217 2136 315 2174 καθ
346 2135 396 2175 ἓν
424 2136 513 2175 τῶν
554 2135 716 2176 ἑαυτοῦ
756 2141 1124 2191 συγγραμματίων
1165 2137 1224 2181 εἰς
1268 2131 1403 2182 θεούς
1439 2147 1545 2173 ποτε
1589 2131 1695 2172 οἰνα-

136 2208 279 2259 φέρων
310 2206 462 2246 αἰτίαν
492 2204 745 2259 νοσήματος,
779 2201 827 2256 ’ἇς
857 2223 903 2258 γε
936 2209 1010 2247 καὶ
1042 2203 1142 2255 τούς
1181 2200 1360 2258 βλητοῦς
1408 2203 1696 2255 καλουμένους

137 2296 178 2301 -
216 2295 274 2302 -—
303 2296 358 2302 —-··
392 2274 579 2330 διῆλθεν
604 2275 658 2317 ἐν
688 2277 750 2333 τῷ
782 2283 879 2332 περὶ
913 2276 1076 2331 διαίτης
1105 2276 1252 2325 ὀξέων·
1285 2276 1409 2317 τοῦτο
1439 2275 1522 2327 μὲν
1548 2265 1624 2314 οὖν
1645 2268 1693 2312 τὸ

136 2343 398 2400 σύγγραμμα
438 2349 526 2388 τῶν
556 2344 906 2401 ὃμολογουμένων
936 2353 1121 2402 γνησίων
1161 2346 1288 2388 ἐστίν.
1332 2343 1381 2387 ἒν
1413 2344 1459 2386 δὲ
1504 2346 1565 2399 τῷ
1597 2346 1694 2397 περὶ

136 2417 250 2471 ἱερῆς
281 2415 434 2459 νούσου
465 2423 539 2459 καὶ
571 2417 704 2459 πλείω
736 2424 976 2472 γέγραπται
1012 2417 1119 2473 πρὸς
1152 2416 1328 2469 ι’·’λεγχον
1359 2419 1446 2458 τῶν
1486 2416 1696 2467 οἰομένων

136 2481 225 2528 ὖπό
258 2485 380 2529 θεῶν
410 2491 642 2539 γίγνεσθαι
675 2488 731 2530 τοὶ
766 2486 1005 2544 νοσήματα.
1038 2488 1136 2543 μήτ’
1171 2482 1250 2531 οὖν
1281 2486 1471 2541 οἰόμεθα
1503 2483 1583 2539 τήν
1604 2482 1694 2524 ἑπι-

136 2556 307 2615 ληψίαν
348 2562 474 2600 θεῖον
513 2559 626 2602 εἶναι
668 2559 836 2615 νόσημα
869 2583 925 2587 -
963 2583 1013 2587 -
1047 2583 1103 2589 -
1138 2555 1199 2612 (cs.
1248 2559 1407 2599 Kuehn.
1451 2557 1601 2595 XVIII.
1644 2556 1692 2592 ΙΙ.

135 2640 202 2678 pg.
243 2625 329 2683 18.)

281 2699 458 2737 Tertium
491 2700 666 2750 denique
698 2702 829 2739 locum
863 2702 1084 2740 invenimus
1117 2702 1157 2738 in
1189 2698 1478 2738 commentario
1511 2697 1563 2735 ad
1596 2695 1693 2744 Hip-

138 2782 247 2819 pocr.
281 2770 333 2808 de
364 2771 538 2809 articulis
570 2771 713 2810 librum
757 2772 897 2822 primo.
963 2773 1026 2810 Ad
1059 2771 1319 2822 Hippocratis
1362 2770 1508 2807 verba:
1552 2766 1695 2811 καλοῖς

136 2836 220 2896 γάρ
239 2835 423 2895 ’Ὁμηρος
463 2842 833 2896 καταμεμαθήκει
865 2856 947 2892 seq.
986 2866 1039 2870 ——
1071 2865 1127 2870 —·
1160 2843 1260 2881 haec
1293 2842 1457 2879 adnotat
1490 2838 1692 2877 Galenus:

123 2908 343 2965 ’πρόβατα
377 2904 455 2954 οὖν
487 2911 611 2954 εἶπεν
643 2909 728 2965 (sle.
763 2914 1057 2965 Hippocrates)
1093 2909 1276 2955 ἅπαντα
1320 2909 1374 2953 τά
1419 2906 1691 2964 βοσκήματα,

137 2976 351 3038 καθάπερ
382 2980 432 3023 ἓν
463 2984 524 3041 τῷ
558 2988 657 3040 περὶ
689 2985 802 3041 ἱερῆς
834 2982 984 3027 νούσου
1014 2989 1255 3041 γέγραπται
1288 2979 1400 3028 κατά
1423 2983 1542 3033 λέξιν
1564 2978 1696 3032 οἷῖτως
