1884 3230
844 190 1140 230 ...ιε-.-

212 319 294 360 Sed
324 319 383 359 vir
414 318 681 366 doctissimus,
715 332 806 358 cum
837 318 891 359 ad
922 331 1042 359 unam
1074 319 1325 370 eandemque
1355 325 1537 370 spectare
1556 315 1773 370 imaginem

211 392 334 430 verba
363 387 548 447 θολερός
579 399 632 437 et,
666 403 771 440 quae
802 397 1033 440 sequuntur,
1066 397 1221 438 statuat,
1265 403 1348 430 non
1391 391 1513 430 habet
1553 402 1617 429 me
1655 388 1774 429 adsti-

211 463 428 512 pulantem.
492 463 596 500 Nam
629 462 798 512 primum
831 461 1110 507 dubitaverim,
1143 474 1237 500 num
1260 462 1493 512 Aeschylus,
1523 461 1557 501 si
1587 460 1775 500 voluisset

212 534 330 572 talem
375 532 591 583 imaginem
638 544 865 582 proponere
906 532 1208 582 spectatoribus,
1252 534 1418 572 alterum
1461 530 1774 582 comparationis

211 604 433 642 membrum
458 615 546 653 *uno
578 610 730 642 tantum
763 603 962 642 adieetivo
994 603 1110 642 suerit
1141 603 1397 643 indicaturus.
1445 604 1550 643 Nam
1571 602 1645 642 etsi
1665 614 1774 653 egre·

210 675 275 724 gie
306 674 570 713 Wilamowitz
600 675 739 724 (Herc.
773 675 866 713 Eur.
900 675 964 713 ed.
988 675 1041 719 ΙΙ,
1074 687 1141 724 pg.
1179 674 1278 725 215)
1309 681 1468 715 monet:
1525 675 1634 714 «Der
1654 672 1774 712 Dich-

210 751 269 783 ter
312 745 394 783 und
438 745 523 783 sein
555 745 664 783 Volk
707 745 897 783 besassen
942 744 983 782 in
1028 744 1132 783 ihrer
1163 745 1377 783 Phantasie
1417 745 1507 784 eine
1539 745 1653 784 Fiille
1694 755 1774 784 von

210 815 434 854 sinnlichen
467 816 790 866 Vorstellungen,
824 816 973 854 welche
1005 837 1064 843 —
1086 838 1141 844 —
1174 817 1244 855 auf
1270 816 1360 855 eine
1391 817 1510 855 kurze
1531 815 1774 865 Andeutung

210 886 279 924 hin
311 887 376 924 ein
408 886 590 925 Vollbild
625 899 695 925 aus
728 887 812 925 sich
846 893 1096 937 erzeugten,‹
1133 909 1190 915 —
1222 899 1270 926 ea
1301 897 1434 926 tamen
1476 886 1648 926 diffitear
1686 898 1774 926 sen-

209 957 334 996 tiendi
367 957 590 996 mobilitate
623 957 742 996 fuisse
775 958 968 1003 Graecos,
992 964 1045 1002 ut,
1069 970 1159 996 cum
1191 970 1332 997 vocem
1365 957 1547 997 audirent
1578 954 1773 1012 θολερός,

216 1027 348 1066 statim
382 1028 599 1078 imaginem
631 1028 709 1067 sibi
742 1029 1027 1068 constituerent
1059 1042 1082 1067 a
1103 1028 1200 1067 limo
1222 1028 1407 1068 fluctibus
1438 1028 1634 1078 permixto
1665 1039 1774 1078 repe·

212 1098 337 1137 titam.
404 1099 528 1148 Atqui
561 1099 727 1138 instituit
759 1107 866 1138 certe
898 1100 954 1138 ita
996 1099 1262 1138 elocutionem
1306 1101 1515 1149 figuratam
1557 1105 1690 1149 poeta,
1732 1105 1775 1139 nt

210 1169 494 1217 intelligeretur
524 1183 548 1209 a
579 1171 882 1220 spectatoribus.

355 1253 565 1291 Praeterea
597 1254 807 1292 confundit
853 1255 929 1292 hac
961 1254 1228 1304 explicatione
1258 1254 1360 1292 duas
1390 1253 1584 1304 imagines
1616 1264 1775 1303 prorsus

209 1322 312 1361 inter
343 1335 384 1362 se
419 1324 608 1364 diversas.
659 1325 790 1375 Pergit
811 1325 918 1364 enim
948 1325 1086 1375 paullo
1117 1323 1219 1363 infra
1249 1325 1311 1363 his
1341 1324 1498 1364 verbis:
1538 1325 1646 1362 »Das
1667 1324 1774 1362 Den-

208 1394 287 1432 ken
320 1394 429 1432 kann
461 1396 527 1434 bei
571 1396 664 1435 dem
695 1396 844 1434 Irrsinn
889 1396 1006 1435 keine
1047 1396 1274 1435 bestimmte
1304 1396 1418 1434 Bahn
1461 1395 1544 1434 und
1576 1394 1775 1444 Ordnuug

209 1465 346 1503 finden
379 1467 462 1505 und
493 1467 643 1517 gleicht
675 1468 844 1507 deshalb
877 1467 917 1505 in
945 1467 1075 1506 seiner
1095 1468 1335 1507 Unklarheit
1356 1458 1438 1505 und
1458 1466 1610 1505 seinern
1631 1464 1773 1504 truben

212 1536 357 1574 Wesen
394 1538 485 1576 dem
518 1539 715 1577 zwischen
747 1539 826 1577 den
850 1539 1004 1578 Wellen
1026 1538 1400 1577 herumtreibenden
1423 1536 1768 1576 Meerschlamm.‹

211 1607 379 1646 Minime
412 1615 544 1648 autem
578 1610 799 1659 probabilis
842 1610 939 1648 mihi
971 1610 1127 1648 videtur
1165 1609 1426 1660 comparatio,
1469 1619 1574 1658 quae
1616 1607 1774 1646 duabus

211 1677 329 1716 simul
362 1679 604 1729 imaginibus
637 1687 778 1719 utatur.
843 1681 1001 1730 Nempe
1032 1681 1165 1719 statuit
1195 1680 1271 1719 sibi
1293 1678 1590 1725 Weickleinius,
1621 1689 1705 1717 non
1731 1677 1774 1717 id

207 1750 337 1787 solum
368 1751 430 1788 his
461 1751 593 1790 verbis
625 1752 805 1802 exprimi,
829 1753 938 1790 Ionis
970 1752 1079 1791 dicta
1110 1752 1212 1790 inter
1242 1744 1317 1790 diri
1346 1751 1417 1790 sati
1449 1751 1588 1789 fluctus
1625 1749 1772 1800 vagari,

206 1827 247 1858 ut
280 1820 395 1860 limus
440 1822 564 1860 modo
596 1823 674 1860 huc
718 1823 841 1862 modo
885 1823 978 1861 illuc
1022 1824 1178 1868 seratur,
1225 1823 1297 1861 sed
1341 1822 1461 1861 etiam
1502 1821 1771 1872 perturbatam

207 1891 316 1930 Ionis
347 1893 559 1931 verborum
591 1894 760 1932 formam
793 1894 963 1933 conferri
995 1906 1085 1932 cum
1117 1894 1201 1932 limi
1233 1894 1380 1932 colore.
1445 1893 1540 1941 Qua
1571 1892 1612 1931 in
1643 1903 1686 1933 re
1715 1903 1770 1931 er-

206 1974 293 2001 rare
324 1963 450 2001 virum
483 1964 759 2002 doctissimum
791 1972 973 2004 sescenta
994 1965 1167 2015 probant
1189 1965 1386 2014 exempla,
1409 1963 1553 2013 quibus
1574 1963 1627 2002 de
1650 1974 1770 2013 aqna,

206 2045 378 2082 quacum
413 2034 672 2083 permiscetur
702 2035 831 2082 limus,
867 2035 1048 2091 θολέρος
1079 2035 1271 2085 usurpari,
1306 2047 1389 2073 non
1421 2035 1473 2073 de
1503 2034 1613 2080 limo,
1635 2040 1679 2073 ut
1704 2033 1772 2073 ine

206 2104 396 2150 voluerat,
431 2111 551 2154 patet.
618 2106 726 2144 Hinc
759 2107 876 2145 facile
908 2113 1062 2156 repetes
1085 2106 1396 2156 metaphoricam
1419 2105 1528 2144 vocis
1549 2104 1769 2145 notionem.

207 2174 312 2212 Nam
345 2187 435 2212 cum
469 2187 576 2224 aqua
606 2176 783 2215 turbetur
814 2183 853 2215 et
885 2177 1014 2215 lurida
1045 2177 1115 2215 fiat
1145 2176 1243 2214 limo
1276 2176 1462 2220 excitato,
1495 2176 1635 2214 tralate
1665 2186 1770 2219 usur·

206 2251 342 2294 patum
393 2246 498 2284 valet
551 2247 633 2285 sere
676 2248 946 2296 perturbatus,
1005 2247 1207 2292 turbidus,
1254 2248 1467 2292 confusus,
1524 2246 1611 2293 vel,
1658 2244 1771 2296 quod

208 2315 439 2364 Hesychius
488 2316 620 2354 reddit
663 2317 817 2357 verbis:
880 2316 1132 2372 ταραχῶδες
1179 2340 1195 2345 -
1223 2341 1235 2346 -
1281 2321 1601 2373 τεταραγμένον
1651 2315 1696 2366 (s.
1730 2328 1768 2357 v.

206 2381 419 2441 θολερός).
472 2387 607 2436 Atque
638 2400 798 2436 prorsus
830 2388 967 2426 fefellit
1010 2388 1135 2426 virum
1180 2387 1469 2433 doctissimum,
1513 2398 1596 2425 non
1632 2386 1770 2427 limum

206 2456 328 2494 humo
361 2463 514 2495 erutum
537 2459 712 2496 colorem
745 2470 841 2507 prae
874 2470 916 2497 se
939 2459 1039 2497 ferre
1070 2459 1285 2504 turbatum,
1308 2458 1379 2497 sed
1402 2470 1560 2507 aquam,
1582 2469 1664 2507 qua
1682 2467 1768 2507 perb

206 2527 351 2565 mixtus
383 2535 453 2566 est.
509 2528 672 2578 Optime
703 2529 821 2578 igitur
852 2542 940 2567 cum
974 2529 1091 2567 maris
1125 2542 1242 2578 aqua,
1266 2540 1371 2578 quae
1401 2540 1424 2566 e
1445 2528 1541 2566 limo
1562 2526 1767 2567 sordidum

206 2597 322 2635 traxit
354 2599 545 2644 colorem,
579 2611 812 2648 comparare
842 2606 1000 2649 poterat
1021 2599 1221 2648 Aechylus
1253 2599 1480 2648 perturbata
1502 2598 1611 2637 Ionis
1631 2597 1765 2644 verba.

207 2668 370 2707 minime
400 2681 494 2707 vero
527 2682 616 2707 cum
650 2670 759 2716 limo,
800 2670 949 2719 quippe
991 2670 1059 2719 qui
1092 2669 1332 2719 respondeat
1373 2668 1553 2707 insaniae
1593 2674 1766 2708 mentem

205 2739 315 2777 Ionis
362 2739 547 2779 turbanti.
628 2741 790 2779 Invertit
832 2741 950 2790 igitur
982 2739 1250 2778 Weckleinius
1282 2751 1420 2778 sanam
1453 2723 1772 2789 comparationis

206 2809 412 2847 rationem.

350 2879 587 2928 Negaverim
621 2887 754 2918 tamen
795 2880 997 2930 equidem,
1042 2886 1178 2917 nostro
1219 2880 1310 2917 loco
1351 2879 1403 2918 de
1443 2886 1551 2918 certa
1591 2878 1766 2928 imagine

205 2949 404 2998 cogitasse
436 2957 595 3000 poetam
627 2961 767 2989 vocem
801 2945 986 3006 θολερός
1015 2949 1268 2988 scribentem.
1351 2949 1432 2988 Sed
1463 2960 1615 2989 meram
1645 2948 1763 2988 habe-
