1852 3242
782 204 1078 234 ...11-...

146 337 218 364 sae
252 322 291 364 in
323 323 451 363 nuntii
484 324 725 375 narratione,
759 315 878 376 quam
911 334 952 364 tu
983 323 1036 364 ad
1067 325 1288 364 naturalem
1321 323 1503 365 insaniae
1534 324 1713 365 indolem

147 409 309 435 omnem
340 409 427 435 esse
458 398 751 436 conformatam
782 397 943 447 posuiti,
976 397 1109 435 nullae
1141 397 1220 435 sint
1251 404 1397 447 partes,
1430 405 1566 436 tamen
1598 397 1710 436 haec-

146 480 194 505 ce
231 467 318 517 ipsa
364 467 554 506 dramatis
602 481 692 517 pars
739 468 962 506 contrariae
994 468 1035 505 in
1071 468 1312 506 adhibendis
1349 468 1494 507 divinis
1532 469 1714 519 personis

148 538 310 578 rationis
332 538 488 590 insigne
519 539 649 578 obfert
680 540 918 590 exemplum.
981 541 1130 579 Versus
1163 539 1256 579 dico
1288 553 1370 590 99²
1405 553 1518 590 seqq.

421 658 516 700 ἀλλ’
548 652 689 714 ἢλθεν
720 657 861 707 εἰκιόν,
896 659 954 709 ὦς
985 654 1097 716 ὅροῖν
1127 658 1343 712 ἐφαίνετο,

422 729 606 780 Παλλάς
638 730 919 787 κραδαίνουσ’
949 729 1070 785 ἔγχος
1101 729 1334 784 ἑπίλογχον
1364 735 1455 786 χερὶ

422 796 610 859 κόἷῤῥιψε
644 807 804 859 πέτρον
836 808 1012 859 στέρνον
1042 805 1102 852 εἰς
1132 791 1419 857 (Ηρακλέουςῇ

421 870 468 923 ἴς
500 890 568 916 νιν
599 872 735 928 φόνου
765 873 983 928 μαργῶντ’
1014 873 1171 928 ἐπέσχε
1202 869 1238 914 κ’
1273 876 1332 924 εἰς
1364 868 1506 915 ὕπνον

421 947 607 999 καθῆκε.
643 968 698 972 -
730 960 811 980 —«

291 1075 437 1113 Fateor
468 1088 551 1113 non
584 1076 639 1114 ita
670 1076 784 1115 aliter
815 1077 893 1114 hoe
924 1077 1016 1114 loco
1049 1076 1165 1114 deam
1209 1075 1329 1114 inseri
1370 1075 1486 1115 rebus
1531 1076 1715 1116 humanis

147 1151 267 1194 atque
299 1145 339 1182 in
374 1146 510 1185 Aiace.
575 1147 678 1184 Nam
712 1146 919 1197 inopinata
940 1147 1147 1185 Minervae
1180 1148 1403 1197 praesentia
1434 1148 1499 1185 hic
1532 1148 1712 1194 efficitur,

147 1216 228 1253 illic
260 1217 425 1254 solvitur
468 1217 636 1257 insania.
701 1218 887 1267 Neglexit
918 1217 1036 1268 igitur
1068 1218 1153 1268 ipse
1186 1225 1306 1268 poeta
1347 1219 1570 1264 consilium,
1605 1220 1716 1268 quod

146 1287 186 1324 in
219 1287 360 1326 ceteris
407 1288 595 1326 dramatis
643 1289 820 1338 partibus
868 1301 958 1327 eum
1006 1296 1183 1327 secutum
1228 1302 1316 1327 esse
1359 1297 1397 1328 et
1445 1290 1714 1328 demonstravi

145 1365 185 1396 et
223 1359 520 1398 demonstrabo.
591 1359 762 1398 Videtur
802 1368 934 1398 autem
978 1360 1054 1398 hac
1096 1360 1365 1399 inconstantia
1408 1361 1579 1411 primum
1621 1374 1715 1399 con-

147 1430 292 1467 firmari
337 1431 627 1469 Wilamowitzii
670 1430 844 1480 suspicio
890 1430 956 1481 (cs.
998 1444 1031 1476 1,
1067 1432 1300 1482 356—57)‚
1343 1444 1425 1469 non
1470 1432 1599 1482 ipsum
1640 1434 1714 1470 Eu-

146 1501 315 1556 ripidem
355 1502 515 1540 finxisse
553 1503 659 1540 hunc
697 1501 877 1540 insaniae
915 1502 1062 1540 exitum
1101 1503 1172 1541 sed
1213 1515 1261 1540 ex
1293 1503 1460 1552 antiqua
1499 1504 1714 1554 sumpsisse

145 1572 295 1611 fabula.
361 1575 463 1611 Tum
497 1574 589 1612 ideo
622 1574 788 1612 fortasse
820 1586 909 1612 eam
941 1581 1098 1612 secutus
1132 1581 1202 1620 est,
1246 1574 1342 1623 quia
1385 1581 1475 1624 post
1518 1580 1576 1612 tot
1618 1582 1714 1613 tam-

151 1656 229 1693 que
280 1645 431 1683 atrocia
482 1645 662 1683 facinora
713 1637 924 1695 languidus
976 1645 1012 1683 ei
1064 1645 1273 1684 videbatur
1325 1646 1519 1684 Hercules
1571 1658 1714 1684 somno

151 1714 283 1753 subito
330 1716 550 1755 concidens
598 1716 651 1754 ita
697 1724 738 1754 ut
769 1728 890 1754 causa
941 1716 1143 1766 improvisi
1191 1716 1346 1766 soporis
1393 1717 1503 1755 nulla
1552 1730 1717 1767 appare-

150 1794 218 1827 ret.
313 1787 457 1825 Maluit
508 1787 626 1837 igitur
677 1787 860 1826 Minerva
921 1800 1043 1825 causa
1094 1787 1224 1825 somni
1276 1787 1441 1826 inducta
1491 1788 1715 1833 inconstan—

149 1857 227 1895 tiae
260 1858 592 1908 vituperationem
627 1860 741 1905 serre,
776 1871 895 1908 quam
942 1859 1132 1908 languere
1176 1858 1501 1908 descriptionem.
1567 1859 1716 1897 Debuit

148 1941 257 1974 sane,
293 1936 333 1966 ut
370 1936 559 1966 constans
606 1929 682 1967 sibi
715 1936 830 1975 esset,
863 1929 984 1967 etiam
1028 1929 1174 1967 exitum
1220 1930 1360 1967 furoris
1393 1929 1443 1967 ad
1485 1942 1604 1968 unam
1649 1930 1714 1968 de·

148 1998 323 2037 scribere
355 1999 573 2038 veritatem.
618 2000 698 2038 Sed
730 1999 856 2038 dabat
887 2000 964 2037 hoc
986 2000 1278 2049 spectatoribus
1300 2014 1381 2038 non
1405 2008 1485 2039 tam
1508 2001 1715 2039 veritatem

147 2081 267 2118 quam
302 2070 523 2108 efficaciam
557 2071 828 2121 spectantibus
862 2071 991 2108 morbi
1022 2071 1316 2121 descriptionis.

291 2165 408 2202 Nunc
440 2178 534 2204 vero
569 2173 609 2204 ut
641 2165 982 2215 quemadmodum
1016 2165 1069 2204 ad
1097 2165 1276 2204 divinum
1301 2166 1506 2204 arbitrium
1530 2167 1715 2204 Herculis

145 2235 356 2273 calamitas
390 2243 608 2283 revocetur,
643 2236 892 2286 indagemus,
928 2235 1097 2284 primum
1131 2249 1384 2285 quaeramus,
1407 2249 1501 2275 num
1526 2237 1610 2275 eius
1633 2237 1714 2287 opi-

144 2306 289 2352 nionis,
323 2319 403 2355 qua
435 2307 516 2345 fere
548 2307 619 2345 niti
653 2307 865 2356 Sophoclis
899 2307 1075 2345 fabulam
1108 2320 1227 2357 supra
1258 2308 1442 2354 vidimus,
1476 2309 1591 2357 quasi
1622 2322 1700 2358 poe

143 2389 235 2414 nam
268 2384 431 2426 propter
462 2378 574 2415 nefas
613 2377 870 2415 commissum
913 2377 964 2415 ab
995 2377 1103 2415 iratis
1136 2378 1221 2416 deis
1254 2378 1355 2416 mitti
1398 2379 1627 2417 hominibus
1660 2379 1712 2417 in-

112 2447 312 2493 ‘saniam,
346 2448 386 2485 in
420 2448 611 2498 Euripide
643 2448 895 2486 inveniantur
917 2447 1095 2498 vestigia.
1145 2449 1405 2487 Inveniuntur
1426 2451 1547 2488 nulla.
1595 2451 1713 2495 Nam,

141 2519 370 2567 ubicunque
404 2527 470 2557 aut
502 2519 698 2558 Hercules
745 2525 812 2557 aut
844 2519 1082 2568 Amphitryo
1124 2527 1190 2558 aut
1221 2521 1401 2559 Theseus
1446 2522 1617 2560 furorem
1663 2522 1715 2560 ad

142 2589 321 2627 divinam
354 2590 529 2628 referunt
560 2590 820 2634 voluntatem,
854 2590 910 2628 ita
941 2591 1168 2639 loquuntur,
1202 2598 1393 2640 tanquam
1428 2592 1515 2630 sine
1548 2593 1628 2630 ulla
1660 2593 1715 2642 ip-

143 2660 222 2698 sius
255 2661 373 2710 culpa
407 2661 602 2698 Hercules
635 2661 799 2698 Iunonis
832 2661 929 2698 iram
963 2661 1013 2699 sit
1043 2669 1240 2711 expertus.
1304 2663 1354 2700 cf.
1381 2674 1458 2701 vss.
1490 2676 1615 2710 1114,
1639 2667 1715 2713 783

149 2743 362 2779 1227,40,
399 2732 467 2776 66,
504 2733 705 2780 90—98;
744 2734 867 2780 1381.

285 2825 515 2864 Clarissime
548 2833 680 2864 autem
713 2826 898 2871 elucebit,
934 2835 1124 2875 quantum
1157 2828 1235 2866 hac
1266 2829 1307 2866 in
1341 2841 1381 2866 re
1413 2828 1515 2866 inter
1548 2828 1715 2867 Aiacem

137 2900 178 2933 et
203 2897 419 2935 Herculem
451 2896 617 2942 intersit,
652 2897 926 2947 comparando
961 2898 1163 2947 utriusque
1195 2907 1286 2948 post
1317 2900 1487 2937 solutam
1515 2900 1713 2937 insaniam

137 2967 260 3005 ”nimi
291 2973 406 3005 statu.
471 2968 607 3006 Insani
639 2968 826 3006 facinoris
859 2969 1020 3020 culpam
1051 2982 1134 3008 non
1167 2970 1243 3009 sibi
1276 2971 1347 3010 sed
1380 2971 1588 3008 Minervae
1622 2971 1703 3009 vin-
