1884 3230
685 242 981 281 -17-

55 361 262 411 quomodo
293 362 548 411 suppleamus
587 361 800 410 quaeritur.
863 360 1037 399 Probare
1069 360 1151 398 vult
1190 366 1323 409 poeta,
1357 372 1445 398 eam
1488 359 1612 398 animi

55 439 219 482 partem,
252 444 299 470 ex
331 444 412 480 qua
453 431 616 469 affectus
647 438 883 476 nascantur,
915 443 998 468 non
1029 431 1174 469 decere
1213 442 1301 468 esse
1331 430 1608 469 immortalem.

54 503 178 552 Atqui
209 509 441 552 argumento
474 501 593 540 utitur
614 501 792 551 corporis
824 501 1077 539 mortalitate.
1140 502 1247 550 Ergo
1275 501 1500 539 necessario
1522 501 1611 539 sub-

54 573 248 612 stituimus
275 573 368 610 loco
400 573 591 618 secundo,
614 579 656 609 ut
687 573 839 622 integer
860 572 1005 610 evadat
1035 571 1299 621 syllogismus,
1322 572 1426 609 hanc
1457 579 1611 610 senten-

53 643 162 689 tiam,
195 642 318 681 animi
348 643 511 680 aflectus
544 655 591 680 ex
624 654 792 699 corpore
829 650 938 680 totos
977 642 1153 691 pendere
1184 642 1358 691 indeque
1389 642 1609 691 provenire.

53 713 101 752 Id
142 719 247 752 certe
285 712 424 762 nequit
464 713 651 760 dubitari,
694 713 789 762 quin
821 712 1031 762 Euripides
1075 711 1198 750 animi
1228 712 1394 750 affectus
1435 711 1611 761 intellegi

53 784 147 822 velit
177 783 354 833 corporis
387 795 475 822 esse
506 792 658 833 partem
691 783 854 833 eiusque
885 782 1076 821 mortalis.
1109 805 1168 812 —

194 866 320 904 Vides
351 866 480 916 igitur,
509 866 570 903 his
603 878 763 915 quoque
794 866 971 904 versibus
1002 866 1191 915 impetum
1225 865 1357 903 facere
1379 864 1611 914 Euripidem

53 937 93 974 in
125 936 232 974 tritas
263 936 505 984 usitatasque
547 935 654 985 vulgi
697 935 932 985 opiniones,
974 935 1083 984 quod
1115 948 1139 972 a
1181 941 1314 972 mente
1345 934 1532 983 Aeschyli
1574 940 1613 972 et

54 1006 265 1057 Sophoclis
286 1006 432 1056 pariter
453 1018 539 1044 esse
562 1006 846 1044 alienissimum
869 1018 988 1044 nemo
1011 1005 1188 1054 negabit.
1233 1005 1379 1042 Iterum
1413 989 1505 1042 vero
1527 1016 1612 1053 per-

52 1077 232 1127 spicuam
274 1077 608 1126 deprehendimus
641 1076 879 1126 Euripideae
921 1075 1142 1114 sententiae
1182 1087 1271 1112 cum
1314 1074 1613 1123 Hippocraticis

53 1147 366 1186 similitudinem.
429 1147 532 1184 Nam
577 1147 804 1184 statuebant
845 1146 921 1184 sibi
954 1145 1233 1195 Hippocratici
1250 1175 1258 1190 ,
1293 1145 1359 1194 qui
1404 1151 1611 1191 vocantur,

53 1217 154 1256 inter
183 1229 327 1267 corpus
349 1217 607 1266 animumque
640 1229 727 1255 eam
750 1216 995 1254 intercedere
1018 1216 1226 1261 rationem,
1248 1222 1291 1252 ut
1322 1227 1461 1252 omnes
1491 1214 1613 1252 animi

54 1289 216 1326 affectus
248 1300 270 1326 e
299 1300 467 1337 corpore
500 1294 703 1325 orerentur
746 1294 785 1324 et
817 1286 1010 1324 artissime
1055 1298 1144 1323 cum
1178 1298 1226 1324 eo
1258 1285 1528 1330 cohaererent,
1562 1285 1614 1322 de

54 1368 134 1408 quo
175 1358 311 1408 paullo
352 1358 512 1396 uberius
556 1357 770 1407 disputavit
812 1357 950 1394 Herm.
984 1356 1111 1393 Nasse
1157 1355 1270 1393 initio
1311 1355 1612 1401 dissertationis,

53 1440 171 1477 quarn
203 1428 426 1478 inscripsit:
459 1429 511 1466 de
542 1427 697 1466 insania
728 1426 1013 1465 commentatio
1053 1426 1270 1464 secundum
1303 1425 1426 1463 libros
1457 1426 1614 1474 Hippo-

0 1539 2 1543 ,
52 1498 222 1536 craticos
244 1499 427 1547 (Bonnae
465 1498 604 1548 1829).
668 1500 800 1547 Atque
832 1510 881 1536 eo
910 1509 1036 1546 usque
1067 1496 1265 1546 progressi
1298 1502 1400 1542 sunt,
1424 1502 1464 1534 ut
1496 1496 1614 1534 etiam

52 1559 249 1607 insaniam
281 1569 391 1606 nulla
423 1568 547 1607 animi
578 1580 649 1617 per
670 1580 712 1606 se
744 1567 866 1617 ipsius
899 1567 1035 1622 habita
1071 1566 1226 1604 ratione
1259 1566 1439 1615 aliosque
1471 1565 1615 1604 mentis

53 1639 215 1677 morbos
248 1652 272 1677 a
294 1640 472 1689 corporis
498 1638 775 1677 affectionibus
800 1645 1034 1688 repeterent.
1088 1637 1216 1675 Huius
1239 1636 1439 1686 opinionis
1461 1636 1616 1685 insigne

54 1708 150 1748 mihi
173 1710 304 1748 obfert
336 1710 559 1759 exemplum
585 1710 636 1748 de
668 1709 811 1747 morbo
834 1721 947 1746 sacro
979 1708 1159 1756 libellus;
1193 1708 1304 1744 cuius
1337 1713 1486 1753 auctor,
1510 1713 1615 1756 post-

55 1792 174 1829 quam
207 1780 401 1829 exposuit,
425 1793 449 1818 a
479 1781 643 1818 cerebro
665 1780 819 1818 trahere
843 1779 1035 1829 originem
1054 1791 1221 1824 sacrum,
1246 1790 1364 1826 quem
1397 1777 1612 1826 appellent,

54 1850 250 1898 morbum,
283 1850 344 1888 his
374 1849 504 1887 verbis
535 1850 686 1899 pergit:
720 1846 790 1902 (cf.
824 1850 893 1887 VI.
927 1862 961 1887 c.
1002 1861 1065 1895 14.
1099 1861 1166 1898 pg.
1201 1847 1316 1898 386).

195 1918 360 1961 εἰδέναι
395 1918 444 1960 δὲ
474 1917 550 1975 χρῆ
586 1916 684 1968 τοὺς
716 1912 998 1971 α’νθρῶπους.
1034 1915 1102 1959 ὅτι
1144 1916 1192 1966 ἐξ
1223 1914 1400 1966 οὕδενός
1430 1916 1535 1971 ἡμῖν
1567 1916 1638 1957 αἱ.

55 1988 207 2044 ἡδοναὶ
237 1996 432 2042 γίνονται
464 1995 537 2031 καὶ
570 1991 618 2030 αἱ
649 1986 906 2046 εὐφροσύναι
943 1994 1017 2030 καὶ
1049 1988 1227 2040 γέλωτες
1269 1992 1343 2028 καὶ
1375 1985 1558 2028 παιδιαὶ
1589 1982 1617 2039 ἢ

56 2057 270 2103 ἐντεῦθεν
294 2056 335 2114 (i.
359 2072 393 2098 e.
418 2073 477 2098 ex.
503 2060 684 2110 cerebro)
716 2065 789 2101 καὶ
811 2059 948 2101 λῦπαι
971 2064 1043 2100 καὶ
1076 2057 1200 2100 οἷνίαι
1224 2062 1300 2098 καὶ
1325 2054 1615 2111 δυσφροσύναι

55 2136 130 2173 καὶ
163 2130 388 2183 κλαυθμοῖ
430 2153 475 2158 ’-
515 2151 583 2169 —.
627 2132 689 2187 τῷ
719 2129 765 2171 δὲ
806 2127 929 2186 αὐτῷ
960 2125 1093 2186 τούτῳ
1128 2133 1202 2170 καὶ
1245 2126 1509 2182 μαινόμεθα
1541 2131 1616 2167 καῖ

57 2199 432 2257 παραφρονέομεν.
467 2223 542 2257 --Ι

199 2271 331 2320 Atque
362 2272 578 2325 confirmor
609 2271 794 2320 equidem
827 2271 887 2309 his
919 2269 1116 2315 omnibus,
1141 2277 1182 2307 ut
1213 2268 1400 2318 suspicer,
1425 2267 1542 2306 etiam
1574 2267 1615 2305 in

57 2341 241 2380 Herculis
268 2340 447 2380 insaniae
472 2342 740 2391 descriptione
771 2341 946 2380 noluisse
977 2347 1137 2390 poetam
1168 2346 1345 2378 nostrum
1378 2337 1616 2388 in'pristina

57 2411 232 2450 veritatis
264 2411 508 2461 negligentia
540 2411 807 2461 acquiescere,
850 2411 921 2448 sed
966 2410 1017 2448 ad
1061 2416 1224 2448 naturae
1265 2409 1488 2458 exemplum
1527 2419 1616 2446 eam

58 2481 283 2520 instituisse.

201 2553 284 2589 Iam
316 2563 410 2590 vero
442 2558 626 2590 accurate
654 2551 756 2589 inter
787 2562 829 2588 se
862 2561 1139 2599 comparemus
1161 2549 1291 2587 morbi
1314 2549 1614 2598 descriptiones.

60 2623 192 2671 Atque
223 2621 392 2671 primum
416 2628 508 2660 ante
539 2622 678 2659 oculos
701 2632 973 2670 proponamus
1005 2620 1166 2658 furentis
1189 2620 1373 2658 Herculis
1401 2619 1614 2668 imaginem

59 2705 83 2731 a
112 2692 252 2731 nuntio
284 2691 535 2741 descriptam.

201 2764 419 2810 Postquam
440 2762 593 2811 Lycum
628 2761 786 2800 necavit
808 2762 1015 2810 Hercules,
1041 2774 1154 2799 sacra
1185 2761 1258 2800 rite
1288 2767 1489 2811 parantur,
1513 2772 1619 2810 quae

60 2839 229 2883 purgent
260 2832 423 2870 domum
466 2844 566 2870 nece
608 2833 857 2870 maculatam.
920 2831 1187 2870 Circumstant
1225 2843 1334 2870 aram
1369 2831 1615 2880 Amphitryo,

61 2903 237 2952 Megara,
276 2901 390 2940 liberi
432 2901 600 2940 solemni
648 2914 738 2939 curn
781 2901 939 2940 silentio
980 2901 1338 2940 animadvertentes
1379 2901 1617 2951 expiationis

62 2973 185 3021 initia,
208 2984 329 3023 quam
362 2971 530 3011 instituit
551 2972 760 3011 Hercules.
824 2973 990 3023 Iamque
1019 2979 1166 3011 torrem
1188 2973 1370 3011 sumebat
1400 2972 1449 3010 in·
1462 2963 1617 3011 sacram
