1884 3230
787 214 1082 258 ...5,-

148 346 246 374 num
277 332 541 375 differentiam
573 334 724 382 attinet,
767 334 973 376 dissuadet
1020 336 1114 376 satis
1164 336 1310 378 diserte
1342 337 1574 379 Ermerinsii
1621 352 1714 379 con-

149 406 352 452 iecturam,
398 406 507 456 quod
554 419 685 456 neque
731 407 892 446 verbam
945 408 1189 464 φροντίζειν
1236 421 1367 460 neque
1425 407 1561 452 οἷνιοῖν
1607 411 1714 462 apud

150 484 352 516 auctorem
385 477 436 516 de
468 478 590 516 corde
622 479 815 527 leguntur.

295 548 479 598 Denique
527 561 620 587 vero
670 557 794 587 totum
829 557 1104 599 argumentum
1154 550 1277 589 libelli
1326 551 1533 601 indignum
1566 553 1714 592 iudicat

150 620 351 659 Ermerins
389 632 567 658 »summo
600 627 638 659 et
670 620 880 671 ingenioso
908 628 1078 660 naturae
1111 622 1367 660 observatore
1401 623 1597 662 Graeco«

294 692 411 736 Ecce,
445 698 637 740 quant-um
670 691 771 731 inter
819 704 862 730 se
909 692 1056 731 distent
1088 692 1503 733 virorum-doctorum
1533 694 1710 734 indicia.

149 762 361 800 Neminem
395 762 499 800 enim
533 762 634 801 inter
665 770 830 808 ceteros,
866 763 933 812 qui
964 763 1017 802 de
1043 764 1126 801 ¹lioc
1158 764 1260 801 libro
1293 764 1606 814 disputaverunt,
1654 767 1712 804 in*

149 833 316 878 veneris,
349 833 446 882 quin
478 833 613 872 laudet
646 833 762 872 v-alde
795 834 968 872 auctoris
1001 834 1217 884 ingenium.
1283 837 1435 874 Omnes
1480 849 1600 882 vero,
1644 837 1712 887 qui

147 903 346 942 ascribere
378 904 610 943 dubitavere
642 903 883 954 Hippocrati
911 912 1125 944 tractatum
1158 912 1355 954 nostrum,
1405 913 1607 946 auctorem
1652 920 1714 946 su-

149 981 260 1013 munt
291 974 416 1012 virum
448 976 556 1014 haud
588 975 802 1013 mediocris
834 975 997 1025 ingenii.
1029 976 1082 1014 cs.
1131 977 1288 1015 Gruner
1327 989 1435 1017 cens„
1477 978 1550 1016 ⁴1ib.
1586 979 1710 1029 Hipp.

149 1059 242 1096 pgg.
282 1047 358 1084 462
430 1058 495 1094 72.
531 1046 645 1084 Dietz
678 1060 770 1096 pgg.
807 1044 955 1095 89199.
1006 1047 1142 1085 Littre.
1179 1049 1207 1086 Ι.
1242 1061 1335 1097 pgg.
1371 1045 1564 1099 354s'55,·
1598 1050 1711 1088 alios.

150 1117 259 1166 Quin
293 1118 499 1158 Hallerum
535 1113 642 1170 (artis
675 1117 819 1156 medic.
855 1117 1054 1167 principes
1076 1119 1148 1156 III.
1175 1115 1441 1173 411l12)vne
1473 1120 1713 1170 Hippocrati

149 1188 224 1238 ipsi
257 1188 462 1226 addiceret
494 1188 686 1233 libellum,
722 1188 974 1226 anatomicae
1008 1188 1181 1227 auctoris
1214 1190 1491 1240 haudparvae
1522 1191 1714 1230 scientiae

148 1258 424 1298 sollicitavere.
489 1261 642 1297 Haeser
670 1259 848 1309 denique
880 1260 1046 1309 (Gesch.
1081 1259 1120 1298 d.
1157 1260 1264 1298 Med.
1301 1261 1332 1298 1.
1366 1274 1431 1311 pg.
1473 1273 1548 1311 125
1583 1270 1624 1301 et
1645 1275 1711 1312 pg.

155 1325 278 1379 177l7
289 1330 331 1380 8)
362 1342 521 1380 prorsus
545 1330 842 1380 Hippocateam
866 1330 1141 1369 auctoritatem
1175 1330 1267 1369 huic
1299 1332 1484 1371 tractatui
1523 1333 1711 1371 attribuit.

291 1402 408 1450 Quae
441 1414 532 1439 cum
565 1401 620 1439 ita
653 1401 743 1447 sint,
777 1413 848 1451 per
878 1413 920 1440 se
961 1401 1084 1439 futilis
1133 1401 1229 1439 mihi
1275 1402 1428 1441 videtur
1473 1403 1547 1442 ista
1579 1405 1713 1443 Erme—

148 1471 257 1510 rinsii
290 1472 405 1511 ratio.

290 1544 352 1581 Ac
383 1556 460 1594 ego
492 1544 653 1593 quidem
678 1544 815 1582 nescio
838 1557 890 1582 an
915 1544 1171 1583 commendet
1196 1543 1484 1594 Hippocratem
1508 1552 1711 1584 auctorem

146 1602 231 1653 tota
261 1614 386 1653 libelli
418 1614 588 1654 indoles.
642 1614 818 1653 Intendit
849 1614 955 1653 enim
1001 1614 1116 1664 quasi
1149 1614 1275 1665 digito
1306 1628 1380 1654 nos
1413 1616 1465 1654 ad
1498 1617 1710 1655 eum2attis

147 1685 328 1724 medicae
360 1692 504 1724 statum
537 1685 626 1724 talis
658 1685 875 1735 epilepsiae
906 1685 1104 1730 tractatio,
1132 1686 1205 1723 —ubi
1237 1685 1359 1724 literis
1397 1687 1592 1725 manda-ta
1624 1688 1710 1725 foro

147 1756 316 1806 primum
349 1769 391 1795 se
422 1756 686 1796 committeret
718 1770 824 1795 nova
855 1769 984 1806 eaque
1017 1769 1108 1795 vera
1139 1757 1371 1795 morborum
1403 1764 1566 1796 naturae
1599 1757 1712 1796 inda-

145 1827 270 1877 gatio,
303 1841 406 1877 quae
438 1828 569 1866 statim
603 1828 654 1866 ab
687 1827 800 1865 initio
823 1827 963 1866 veteris
987 1827 1277 1878 superstitionis
1309 1827 1535 1866 adversaria
1565 1827 1713 1866 exstitit

146 1910 265 1948 quam
298 1899 501 1943 acerrima,
540 1906 580 1937 ut
612 1899 806 1937 stabiliret
832 1898 1063 1937 vmedicinae
1109 1898 1384 1937 auctoritatem
1433 1911 1481 1937 ex
1528 1899 1711 1937 falsarum

146 1970 252 2019 vulgi
286 1970 520 2020 opinionum
554 1969 792 2008 refutatione
824 1969 972 2019 putidis
995 1982 1202 2018 magorum
1226 1969 1373 2008 artibus
1397 1969 1568 2019 decepti.
1621 1971 1714 2007 Huc

146 2041 291 2080 cadere
323 2041 419 2079 mihi
451 2041 606 2079 videtur
626 2040 839 2078 bellicosus
862 2040 927 2079 ille
950 2047 1070 2089 atque
1093 2052 1252 2090 pugnax
1285 2040 1409 2078 libelli
1436 2039 1560 2084 stilus,
1591 2052 1711 2090 quem

147 2118 189 2149 ut
227 2112 434 2151 adhiberet
475 2111 696 2150 invitabant
729 2111 1022 2160 Hippocratem
1070 2111 1175 2161 vulgi
1225 2111 1425 2160 imperitia
1476 2118 1514 2149 et
1561 2110 1712 2149 nefaria

149 2195 356 2232 magorum
389 2183 521 2222 studia

291 2254 371 2293 Sed
404 2266 649 2303 quamquam
682 2255 795 2303 plura
828 2253 945 2291 nobis
980 2253 1162 2291 videntur
1187 2252 1479 2302 Hippocratem
1511 2265 1710 2290 commen-

146 2324 240 2363 dare
272 2324 396 2364 libelli
429 2332 644 2370 auctorem,
690 2325 792 2363 bene
825 2332 958 2362 tamen
1011 2324 1203 2362 habemus
1250 2330 1501 2373 perspectum
1545 2324 1711 2361 multum

146 2395 299 2443 abesse,
334 2404 374 2434 ut
405 2395 682 2434 difficillimam
715 2396 765 2433 de
797 2395 971 2445 genuina
1004 2394 1092 2432 libri
1137 2394 1271 2432 indole
1314 2394 1590 2444 quaestionem
1642 2394 1708 2432 ab·

146 2466 397 2512 solverimus,
432 2467 482 2504 de
515 2479 595 2515 quo
631 2473 781 2504 certum
813 2466 951 2514 nequit
988 2465 1155 2503 stabiliri
1188 2465 1376 2503 iudicium
1409 2465 1484 2503 nisi
1517 2478 1564 2503 ex
1597 2477 1709 2503 accu-

147 2536 344 2574 ratissimo
376 2545 414 2575 et
447 2537 753 2586 diligentissimo
786 2536 946 2575 dicendi
981 2536 1138 2585 generis
1170 2535 1366 2574 examine.
1433 2536 1525 2573 Hoc
1558 2542 1727 2574 tantum·

146 2608 402 2656 profitemur,
450 2620 519 2645 cur
565 2608 616 2646 de
658 2608 908 2657 Hippocrate
957 2607 1070 2644 huius
1118 2606 1206 2644 libri
1256 2612 1417 2645 auetore
1468 2606 1707 2652 dubitemus,

145 2678 295 2715 nullam
330 2678 462 2716 adhuc
495 2678 612 2716 nobis
645 2678 902 2728 suppeditare
936 2677 1128 2716 rationem
1162 2677 1256 2715 satis
1287 2684 1447 2716 certam.
1489 2699 1534 2703 —-
