1884 3230
713 185 1010 225 -15-

224 305 348 344 Affert
380 317 500 354 porro
533 305 611 344 hoc
643 306 906 356 fragmentum
939 304 1207 355 Daremberg:
1242 300 1311 357 (cf.
1335 304 1491 343 Nauck.
1522 298 1647 357 1072)

293 375 461 430 μέλλων
495 378 527 416 τ’
561 375 710 431 ἰατρὸς
742 377 795 438 τῇ
826 372 936 432 νόσῳ
973 373 1118 424 διδοὺς
1149 373 1305 431 χρόνον

292 442 427 488 idam
457 443 614 500 ἀτῖτῆν
644 445 813 501 μᾶλλον
842 443 873 501 ἤ
902 445 1046 501 τεμών
1075 442 1199 502 χρόα.

224 517 540 568 Insignissimum
563 531 656 556 vero
679 518 965 564 testimonium,
989 525 1179 567 quantam
1212 518 1250 555 in
1278 517 1468 567 Euripide
1500 518 1648 555 habeat

79 589 353 628 auctoritatem
387 589 602 635 medicina,
635 589 674 627 in
715 589 926 639 Hippolyti
958 588 1083 628 cernit
1113 588 1304 634 versibus,
1329 589 1447 626 etiam
1482 589 1518 626 al
1543 589 1641 625 Hae*

21 667 25 670 ’
81 672 169 699 sero
206 659 376 698 laudatis
417 660 580 709 (Lehrb.
615 661 653 699 d.
688 660 834 699 Gesch.
879 661 918 699 d.
954 660 1145 698 Medicin.
1192 661 1222 698 I.
1258 672 1323 709 pg.
1369 660 1467 710 97.),
1502 659 1646 708 quibus

78 731 208 770 nutrix
239 730 443 769 Phaedrae
476 732 698 781 aegrotanti
731 732 830 769 haec
862 730 959 770 dicit
991 730 1058 780 (cf.
1092 743 1167 769 vss.
1205 732 1436 781 293—96).

293 803 374 842 x’n'
400 804 484 856 μὲν
515 811 650 851 νοσεῖς
682 818 721 842 τι
755 804 844 843 τῶν
875 795 1132 855 ἆπορῤἧτων
1164 804 1322 842 κακῶν.

291 882 492 924 γυναῖκες
525 872 624 914 αἵδε
656 868 1012 924 συγκαθιστάναι
1047 871 1184 914 νόσον.

292 946 334 984 εἰ
361 942 387 985 ὅ
417 941 603 997 ἴκφοφός
635 957 698 984 σοι
733 940 926 999 συμφορά
961 942 1069 998 πρὸς
1101 940 1287 999 ἄρσενας

292 1014 365 1066 My
397 1013 469 1063 ’ὥς
500 1016 665 1070 ἰατροῖς
698 1015 881 1070 πρᾶγμα
914 1015 1092 1076 μηνυθῇ
1122 1012 1235 1054 τόδε.

220 1085 401 1123 Adnotat
433 1085 490 1122 vir
522 1085 798 1124 doctissimus:
833 1085 946 1123 Nons
968 1097 1121 1134 voyons
1153 1085 1255 1122 dans
1278 1085 1468 1134 Euripide
1500 1084 1644 1122 l'inter-

77 1156 239 1194 vention
272 1155 343 1194 des
374 1169 488 1205 sages
512 1156 677 1194 femmes
709 1162 748 1193 et
779 1156 851 1194 des
882 1155 1099 1201 medecins,
1123 1155 1222 1193 dont
1254 1156 1403 1193 l'office
1433 1155 1645 1193 simultane

77 1233 137 1264 est
167 1226 200 1264 si
233 1233 400 1264 souvent
432 1227 716 1265 recommande
757 1227 858 1265 dans
890 1227 947 1264 les
979 1227 1095 1264 livres
1137 1239 1202 1264 sur
1239 1227 1296 1265 les
1338 1226 1531 1264 maladies
1574 1227 1644 1264 des

77 1298 255 1342 femmes,
289 1297 357 1346 qui
390 1298 476 1335 sont
510 1297 635 1347 partie
667 1297 719 1336 de
751 1298 788 1335 la
821 1297 1035 1335 collection
1066 1297 1384 1347 hippocratique.
1422 1320 1473 1324 —

220 1368 372 1406 Dubito
404 1381 514 1414 vero,
558 1381 652 1406 num
687 1381 759 1406 suo
792 1368 875 1406 iure
921 1368 959 1405 in
1000 1368 1143 1406 talibus
1177 1368 1369 1418 exemplis
1401 1367 1644 1417 acquieverit

78 1439 336 1489 Daremberg.
401 1440 498 1477 Eam
532 1446 639 1477 certe
671 1438 921 1483 sententiam,
947 1451 1065 1487 quam
1098 1439 1234 1488 paullo
1267 1451 1386 1488 supra
1413 1439 1520 1488 apud
1553 1451 1642 1477 eum

75 1509 266 1559 legimus:
301 1512 326 1547 ὰ
370 1523 525 1556 mesure,
567 1524 638 1559 que
682 1511 714 1547 le
762 1515 876 1560 temps
919 1511 1082 1554 marche,
1123 1511 1174 1547 les
1213 1510 1306 1547 idees
1345 1510 1536 1547 medicales
1577 1510 1643 1548 s'e'-

75 1581 222 1618 tendent
259 1586 296 1619 et
331 1594 368 1619 se
400 1582 766 1631 perfictionnent—
783 1593 866 1619 non
906 1581 1001 1619 satis
1041 1580 1138 1618 mihi
1183 1580 1265 1618 istis
1299 1580 1500 1629 Euripidis
1544 1581 1642 1619 locis

75 1651 271 1701 probavit,
295 1652 445 1702 quippe
469 1652 536 1702 qui
569 1665 708 1701 parum
738 1652 922 1690 differant
944 1652 995 1690 ab
1019 1651 1205 1700 Aeschyli
1236 1658 1273 1689 et
1296 1652 1508 1701 Sophoclis
1527 1651 1641 1689 -simi-

74 1721 178 1760 libus
194 1722 245 1760 de
263 1730 345 1760 arte
360 1723 518 1760 medica
534 1722 769 1766 enunciatis,
780 1723 887 1761 velut
900 1721 961 1760 his
976 1722 1027 1759 ab
1047 1721 1134 1771 ipso
1146 1722 1437 1771 Darembergio
1450 1722 1639 1762 laudatis:

219 1795 349 1831 Proin.
385 1805 470 1842 474
503 1806 617 1843 seqq.
651 1793 706 1831 ita
737 1793 913 1842 loquitur
944 1793 1109 1831 chorus:

288 1886 347 1891 --
378 1862 511 1913 κακὸς
541 1862 724 1919 δ’ἰατρὸς
756 1859 814 1913 (fig
845 1879 909 1912 τις
940 1861 983 1913 ἐς
1015 1861 1144 1904 νόσον

291 1933 440 1976 πεσών
471 1931 662 1988 ἄθυμεῐς
693 1939 766 1975 καὶ
801 1931 987 1975 σεαυτὸν
1018 1932 1095 1975 οὐκ
1127 1930 1236 1986 ἔχεις

288 2004 429 2059 επῗρεῐν
460 2000 625 2051 {notam
656 2003 902 2061 φαρμάκοις
933 2000 1116 2057 ἰάσιμος.

218 2077 431 2125 Sophoclis
464 2076 636 2122 fabulae,
671 2088 774 2124 quae
806 2075 1033 2113 inscribitur
1069 2070 1240 2131 Τηρεύς,
1275 2075 1353 2112 hoc
1384 2082 1511 2113 exstat
1543 2077 1639 2127 frag-

76 2154 253 2184 mentum
286 2146 351 2196 (cf.
388 2147 540 2187 Nauck.
573 2160 613 2185 n.
650 2147 764 2197 538).

289 2214 408 2267 ἷίστις
437 2214 522 2273 yde
553 2216 602 2259 ἐν
634 2226 799 2259 κακοῖσι
832 2220 1064 2271 θυμωθεὶς
1093 2218 1266 2270 βροτῶν

287 2288 436 2340 μεῖζον
467 2287 819 2345 προσάπτειτῆς
850 2287 977 2330 τόσου
1008 2287 1057 2329 τὸ
1090 2284 1323 2343 φάρμακον

286 2356 436 2417 ἰατρός
467 2359 586 2400 ἐστιν
617 2359 694 2402 οὐκ
725 2358 978 2414 ἐπιστήμων
1009 2359 1141 2400 οἰκῶν.

217 2442 403 2492 Denique
433 2442 570 2481 Aiacis
602 2442 765 2481 fabulae
804 2444 986 2481 conferas
1018 2454 1153 2480 versus
1187 2437 1326 2488 ⁵⁸¹l232:
1363 2464 1418 2470 -—-

286 2506 338 2555 οὗ
369 2509 478 2568 πρός
509 2510 663 2568 ἰατροῦ
695 2515 827 2567 σοφοῦ

289 2587 476 2639 θρηνεῖν
506 2580 683 2640 ἐπῳδάς
714 2579 823 2639 πρὸς
854 2583 1040 2637 τομῶντι
1073 2580 1257 2638 πήματι.

217 2655 270 2693 At
300 2654 433 2700 enim,
473 2661 664 2704 quantum
697 2667 834 2693 revera
872 2654 1024 2692 intersit
1068 2656 1144 2693 hac
1176 2655 1215 2692 in
1261 2666 1302 2692 re
1333 2653 1435 2692 inter
1465 2654 1636 2704 tragicos

73 2733 243 2772 nostrOS,
286 2725 367 2763 duo
411 2725 659 2774 potissimum
704 2725 799 2763 mihi
838 2732 1029 2763 testantur
1070 2726 1303 2775 fragmenta,
1337 2738 1440 2774 quae
1474 2727 1635 2763 Darem·

74 2795 253 2845 bergium
286 2795 380 2832 satis
412 2794 533 2832 miror
565 2807 723 2844 prorsus
756 2795 1016 2844 praeteriisse.

217 2866 407 2909 Fabulae,
441 2878 521 2914 qua
554 2865 901 2915 Bellerophontem
935 2878 957 2903 a
991 2867 1086 2903 Iove
1128 2873 1290 2916 propter
1320 2865 1482 2903 nimiam
1516 2866 1634 2904 iacta-

72 2936 223 2975 tionem
255 2935 411 2976 insania
443 2936 627 2976 affectum
651 2936 691 2975 in
724 2948 887 2976 scenam
909 2936 1119 2988 Euripides
1150 2936 1317 2982 induxit.
1341 2943 1527 2987 quattuor
1558 2949 1633 2976 ser·
