1884 3230
694 231 988 270 -19-

267 342 318 395 ἶίς
349 347 404 401 ῥα
437 351 511 388 καὶ
543 349 739 398 Αἴαντος
770 350 940 404 πρῶτος
969 344 1098 402 μάθε
1127 354 1360 404 χωομένοιο

268 413 446 470 ὄμματα
478 410 829 474 τὀἷστρεέπτοντα
861 416 1167 474 βαρυνόμενόν
1198 434 1244 460 τε
1276 418 1433 473 νόημα.
1488 428 1492 432 ”

201 510 309 548 Hinc
340 510 424 548 iure
454 511 632 569 effeceris
665 511 717 549 ita
745 511 879 549 Aiacis
912 511 1108 550 insaniam
1141 519 1259 551 antea
1291 513 1412 551 fuisse
1444 513 1618 563 descrip.

56 587 151 626 tarn,
191 587 233 619 ut
263 580 374 630 quasi
407 579 692 630 praeparatur
718 582 942 620 vehementi
974 583 1057 621 eius
1090 589 1251 633 propter
1271 596 1382 622 arma
1410 583 1521 622 Ulixi
1552 585 1619 622 ad-

57 650 164 689 dicta
192 651 263 691 ira.

199 746 357 783 Frustra
378 745 474 784 talia
505 746 679 795 requires
703 746 744 784 in
768 746 991 796 Sophocle3
1026 746 1093 796 qui
1126 753 1374 796 quantopere
1396 748 1448 786 ad
1479 755 1618 787 nutum

61 815 239 853 divinum
272 821 431 853 revocet
463 822 586 854 totam
620 816 756 854 Aiacis
798 817 942 855 mentis
983 817 1278 863 alienationem,
1311 818 1461 856 nullum
1493 826 1619 858 exstat

58 885 327 924 testimonium
372 886 499 934 magis
547 886 736 924 idoneum
782 899 900 936 quam
946 887 1118 925 ineuntis
1163 887 1344 926 insaniae
1387 889 1616 938 descriptio.

60 957 163 994 Nam
196 955 268 993 etsi
300 967 413 994 versu
446 969 514 1003 41.
548 956 794 995 iracundiam
827 957 1079 995 Achaeorum
1120 958 1256 996 caedis
1289 971 1376 997 esse
1405 972 1564 998 causam
1597 973 1620 998 e

61 1027 241 1064 Minerva
272 1026 467 1071 audimus,
500 1027 664 1064 multum
697 1034 828 1065 tamen
862 1027 988 1073 abest,
1012 1034 1053 1064 ut
1084 1039 1172 1065 eam
1205 1034 1325 1076 poeta
1356 1029 1533 1067 instituat
1565 1031 1618 1068 fu·

59 1096 159 1134 roris
182 1095 283 1133 initii
315 1095 638 1145 descriptionem,
663 1104 703 1134 ut
734 1097 965 1135 naturaliter
995 1098 1035 1134 in
1059 1097 1256 1135 insaniam
1280 1105 1454 1137 transeat
1476 1101 1618 1138 mentis

59 1165 270 1217 permotio.
332 1167 475 1210 Immo,
509 1167 602 1204 dum
636 1179 753 1204 sanus
786 1175 856 1212 est,
900 1168 1041 1204 morbo
1073 1175 1238 1217 repente
1279 1169 1487 1218 corripitur
1515 1170 1619 1208 Aiax

61 1236 248 1275 divinitus
279 1235 413 1275 misso.
477 1232 548 1290 (cs.
584 1249 659 1275 vss.
699 1237 928 1287 285—94).

205 1343 468 1380 Conferamus
501 1341 756 1392 Euripideml
790 1343 925 1380 Divini
959 1343 1108 1381 arbitrii
1131 1354 1342 1392 personam
1374 1339 1414 1376 in
1443 1336 1620 1374 Hercule

61 1420 203 1463 gerunt
234 1412 306 1450 Iris
340 1419 379 1450 et
410 1414 558 1461 Lyssa;
593 1425 758 1462 quarum
805 1420 936 1462 partes
968 1426 1057 1451 cum
1090 1413 1175 1463 ipsa
1217 1411 1375 1450 actione
1406 1419 1487 1446 non
1532 1417 1619 1444 esse

62 1496 185 1522 nexas
217 1495 336 1532 supra
357 1482 506 1520 dictum
540 1490 610 1521 est.
656 1483 838 1531 Quocum
873 1483 1053 1532 congruit
1076 1483 1254 1521 nuntium
1288 1481 1329 1518 in
1351 1476 1618 1518 describendo

0 1541 3 1544 ’
62 1554 192 1592 morbi
234 1553 347 1591 initio
390 1565 440 1591 ne
472 1565 552 1590 uno
590 1553 751 1602 quidem
793 1554 917 1591 verbo
959 1564 1104 1591 causae
1147 1552 1308 1590 divinae
1349 1547 1615 1598 suspicionem

63 1636 235 1663 movere.
299 1624 482 1672 Repente
513 1623 693 1661 videmus
737 1624 996 1662 succumbere
1037 1624 1180 1660 morbo
1226 1621 1454 1665 Herculem,
1506 1617 1617 1655 nullo

62 1695 205 1733 mentis
237 1694 380 1732 affectu
411 1693 648 1738 excitatum,
683 1694 792 1743 quod
824 1705 943 1743 saepe
984 1694 1131 1732 vidisse
1162 1705 1204 1731 se
1241 1692 1282 1730 in
1315 1689 1533 1728 furentibus
1564 1689 1618 1726 af-

62 1767 192 1803 firmat
232 1764 514 1813 Hippocrates,
562 1764 613 1802 de
645 1765 771 1802 morb.
818 1777 848 1803 S.
896 1764 923 1813 ξ
973 1778 1006 1803 1.
1071 1759 1133 1817 (L.
1165 1763 1237 1800 VI.
1271 1774 1336 1810 pg.
1372 1756 1487 1814 354.)
1528 1771 1617 1796 cum

62 1835 185 1874 dicit:
223 1857 275 1862 —
307 1856 365 1861 —
396 1834 520 1876 τοῦτο
543 1833 593 1875 δὲ
624 1829 730 1889 ὅρὲω
753 1839 1044 1888 μαινομένους
1075 1828 1342 1888 ἀνθρώπους
1372 1835 1446 1871 καὶ
1478 1844 1619 1884 παρα-

63 1910 323 1961 φρονέοντας
366 1899 459 1945 dmi
504 1903 712 1959 μηδεμίης
755 1900 992 1959 προφάσιος
1033 1902 1248 1956 ἐμφανέος
1279 1923 1337 1932 —
1371 1923 1425 1929 —
1456 1914 1514 1929 —‘
1544 1903 1620 1941 καὶ

62 1978 201 2017 ταῦτα
236 1967 314 2028 οὖχ
344 1971 474 2022 ἅπαξ
505 1973 620 2015 ἄλλά
653 1970 860 2024 πολλάκις

206 2069 365 2107 Deinde
396 2076 579 2107 accurate
610 2069 820 2118 Euripides
858 2069 1034 2119 singulas
1065 2066 1242 2117 corporis
1284 2065 1514 2104 affectiones
1553 2063 1619 2102 de-

65 2140 213 2184 scribit,
260 2151 364 2188 quae
408 2139 550 2176 desunt
593 2139 757 2176 omnino
800 2139 839 2176 in
875 2139 1009 2178 Aiace.
1073 2138 1180 2176 Dicit
1212 2137 1263 2175 de
1294 2136 1491 2174 Hercule:
1525 2133 1618 2185 (vss.

67 2223 91 2259 9
100 2223 118 2247 2
129 2223 148 2248 2
183 2209 314 2259 seqq.)

279 2325 333 2330 —-
366 2301 415 2345 ἑν
446 2308 698 2359 στροφαῖσιν
730 2301 942 2358 ὀμμάτων
974 2301 1253 2358 ἐφθαρμένος

279 2374 400 2427 ῥίζας
432 2376 466 2413 τ’
499 2372 547 2415 ἐν
578 2371 720 2423 ὄσσοις
752 2371 1035 2428 αἱματωποὺς
1066 2371 1269 2420 ἐκβαλών

280 2436 419 2499 α’φρόν
450 2443 682 2492 κατέσταζ’
714 2443 908 2497 εὐτρίχου
938 2438 1170 2495 γενειάδος.
1211 2463 1260 2469 —-

213 2539 365 2576 Eadem
400 2538 482 2576 fere
514 2537 692 2586 corporis
737 2537 967 2575 affectiones
1000 2536 1052 2573 ab
1085 2535 1334 2584 Hippocrate
1378 2535 1439 2573 vel
1478 2535 1621 2572 morbo

68 2621 182 2647 sacro
214 2609 275 2646 vel
307 2608 464 2646 insania
494 2607 685 2656 correptis
718 2607 1004 2646 attribuuntur:
1037 2606 1088 2644 cf.
1122 2618 1187 2655 pg.
1223 2615 1330 2654 374:

282 2698 335 2704 —-
369 2682 443 2718 καῖ
474 2678 512 2717 01
544 2675 772 2730 ὀφθαλμοὶ
801 2675 1131 2732 διαστρέφονται
1163 2697 1218 2703 —-
1250 2670 1388 2731 α’φρός
1409 2673 1457 2716 δὲ
1478 2673 1525 2716 ἐκ
1546 2676 1623 2715 rof

282 2745 497 2800 στόματος
530 2751 787 2802 προέρχεται
821 2768 875 2776 —

282 2831 348 2867 pg.
383 2829 467 2865 390
490 2817 516 2867 ξ
554 2827 600 2866 15
625 2838 683 2844 ·—
706 2837 762 2843 —
792 2811 887 2857 τότε
918 2814 1085 2869 μᾶλλον
1116 2812 1165 2856 τὸ
1198 2812 1432 2868 πρόσωπον
1453 2813 1621 2871 φλογιᾷ,

281 2892 355 2929 καὶ
386 2887 426 2927 οἱ
457 2884 682 2940 ὄφθαλμοῐ
714 2885 989 2942 ἑρεῦθονται.
1119 2890 1122 2892 ’

71 2959 148 2999 His
163 2957 423 3005 adiunxerim‚
442 2969 546 3009 quae
569 2957 610 2996 in
626 2958 697 2996 VI.
714 2956 887 3007 epidetn.
905 2956 1008 2995 libro
1026 2955 1078 2996 de
1094 2955 1272 2995 insaniae
1288 2955 1411 3005 signis
1431 2953 1620 3005 legimus:
