<?xml version="1.0" encoding="UTF-8"?>
<!DOCTYPE html PUBLIC "-//W3C//DTD XHTML 1.0 Transitional//EN"
    "http://www.w3.org/TR/xhtml1/DTD/xhtml1-transitional.dtd">
<html xmlns="http://www.w3.org/1999/xhtml" xml:lang="en" lang="en">
 <head>
  <title>
</title>
<meta http-equiv="Content-Type" content="text/html;charset=utf-8" />
  <meta name='ocr-system' content='tesseract 3.04.00' />
  <meta name='ocr-capabilities' content='ocr_page ocr_carea ocr_par ocr_line ocrx_word'/>
</head>
<body>
  <div class='ocr_page' id='page_1' title='image "./tragicigraeciqua00harruoft_0041.png"; bbox 0 0 1884 3230; ppageno 0'>
   <div class='ocr_carea' id='block_1_1' title="bbox 758 198 1053 238">
    <p class='ocr_par' dir='ltr' id='par_1_1' title="bbox 758 198 1053 238">
     <span class='ocr_line' id='line_1_1' title="bbox 758 198 1053 238; baseline 0 -22"><span class='ocrx_word' id='word_1_1' title='bbox 758 198 1053 238; x_wconf 64' lang='grc'>,35-</span> 
     </span>
    </p>
   </div>
   <div class='ocr_carea' id='block_1_2' title="bbox 269 320 741 369">
    <p class='ocr_par' dir='ltr' id='par_1_2' title="bbox 269 320 741 369">
     <span class='ocr_line' id='line_1_2' title="bbox 269 320 741 369; baseline -0.004 -11"><span class='ocrx_word' id='word_1_2' title='bbox 269 320 356 369; x_wconf 87' lang='lat' dir='ltr'>Iph.</span> <span class='ocrx_word' id='word_1_3' title='bbox 390 320 509 357; x_wconf 91' lang='lat' dir='ltr'>Taur.</span> <span class='ocrx_word' id='word_1_4' title='bbox 542 331 599 358; x_wconf 88' lang='lat' dir='ltr'>vs.</span> <span class='ocrx_word' id='word_1_5' title='bbox 634 329 741 367; x_wconf 86' lang='lat'>307:</span> 
     </span>
    </p>
   </div>
   <div class='ocr_carea' id='block_1_3' title="bbox 129 387 1546 512">
    <p class='ocr_par' dir='ltr' id='par_1_3' title="bbox 129 387 1546 512">
     <span class='ocr_line' id='line_1_3' title="bbox 331 387 1546 443; baseline -0.005 -11"><span class='ocrx_word' id='word_1_6' title='bbox 331 396 484 432; x_wconf 77' lang='grc' dir='ltr'><strong><em>πίπτει</em></strong></span> <span class='ocrx_word' id='word_1_7' title='bbox 517 389 567 431; x_wconf 75' lang='grc' dir='ltr'>δὲ</span> <span class='ocrx_word' id='word_1_8' title='bbox 596 394 762 443; x_wconf 80' lang='grc' dir='ltr'><strong><em>μανίας</em></strong></span> <span class='ocrx_word' id='word_1_9' title='bbox 793 388 974 431; x_wconf 80' lang='grc' dir='ltr'><strong><em>πίτυλον</em></strong></span> <span class='ocrx_word' id='word_1_10' title='bbox 1005 387 1029 429; x_wconf 75' lang='grc' dir='ltr'><em>ὅ</em></span> <span class='ocrx_word' id='word_1_11' title='bbox 1063 388 1183 438; x_wconf 79' lang='grc' dir='ltr'><strong><em>ξένος</em></strong></span> <span class='ocrx_word' id='word_1_12' title='bbox 1213 390 1369 442; x_wconf 71' lang='grc' dir='ltr'><strong><em>μεθεὶς</em></strong></span> <span class='ocrx_word' id='word_1_13' title='bbox 1397 409 1457 415; x_wconf 92' lang='lat'>——</span> <span class='ocrx_word' id='word_1_14' title='bbox 1487 409 1546 414; x_wconf 97' lang='lat'><strong>—</strong></span> 
     </span>
     <span class='ocr_line' id='line_1_4' title="bbox 129 458 1444 512; baseline -0.003 -11"><span class='ocrx_word' id='word_1_15' title='bbox 129 475 211 501; x_wconf 90' lang='lat' dir='ltr'>non</span> <span class='ocrx_word' id='word_1_16' title='bbox 243 474 406 512; x_wconf 90' lang='lat' dir='ltr'>possum</span> <span class='ocrx_word' id='word_1_17' title='bbox 439 461 504 506; x_wconf 91' lang='lat' dir='ltr'>ita,</span> <span class='ocrx_word' id='word_1_18' title='bbox 537 467 579 498; x_wconf 89' lang='lat' dir='ltr'>ut</span> <span class='ocrx_word' id='word_1_19' title='bbox 610 460 676 497; x_wconf 89' lang='lat' dir='ltr'>ille</span> <span class='ocrx_word' id='word_1_20' title='bbox 707 460 800 505; x_wconf 91' lang='lat' dir='ltr'>vult,</span> <span class='ocrx_word' id='word_1_21' title='bbox 833 459 1053 509; x_wconf 89' lang='lat' dir='ltr'>intelligere</span> <span class='ocrx_word' id='word_1_22' title='bbox 1083 471 1225 498; x_wconf 91' lang='lat' dir='ltr'>vocem</span> <span class='ocrx_word' id='word_1_23' title='bbox 1256 458 1444 507; x_wconf 81' lang='grc' dir='ltr'><em>πίτυλος.</em></span> 
     </span>
    </p>
   </div>
   <div class='ocr_carea' id='block_1_4' title="bbox 130 540 1758 3001">
    <p class='ocr_par' dir='ltr' id='par_1_4' title="bbox 130 540 1694 1018">
     <span class='ocr_line' id='line_1_5' title="bbox 271 540 1690 593; baseline -0.004 -10"><span class='ocrx_word' id='word_1_24' title='bbox 271 544 411 583; x_wconf 87' lang='lat' dir='ltr'><strong>Malim</strong></span> <span class='ocrx_word' id='word_1_25' title='bbox 455 543 641 593; x_wconf 85' lang='lat' dir='ltr'>equidem</span> <span class='ocrx_word' id='word_1_26' title='bbox 688 542 807 581; x_wconf 91' lang='lat' dir='ltr'>aliam</span> <span class='ocrx_word' id='word_1_27' title='bbox 853 542 965 592; x_wconf 88' lang='lat' dir='ltr'>sequi</span> <span class='ocrx_word' id='word_1_28' title='bbox 1010 542 1218 580; x_wconf 87' lang='lat' dir='ltr'>rationem.</span> <span class='ocrx_word' id='word_1_29' title='bbox 1282 541 1487 591; x_wconf 88' lang='lat' dir='ltr'>Significat</span> <span class='ocrx_word' id='word_1_30' title='bbox 1530 540 1690 591; x_wconf 89' lang='lat' dir='ltr'>proprie</span> 
     </span>
     <span class='ocr_line' id='line_1_6' title="bbox 131 611 1691 665; baseline -0.006 -7"><span class='ocrx_word' id='word_1_31' title='bbox 131 616 307 665; x_wconf 78' lang='grc' dir='ltr'><strong><em>πίτυλος</em></strong></span> <span class='ocrx_word' id='word_1_32' title='bbox 338 626 468 664; x_wconf 88' lang='lat' dir='ltr'>aquae</span> <span class='ocrx_word' id='word_1_33' title='bbox 499 614 717 664; x_wconf 76' lang='lat' dir='ltr'>strepitum,</span> <span class='ocrx_word' id='word_1_34' title='bbox 751 613 819 663; x_wconf 92' lang='lat' dir='ltr'>qui</span> <span class='ocrx_word' id='word_1_35' title='bbox 851 613 1020 651; x_wconf 87' lang='lat' dir='ltr'>efficitur</span> <span class='ocrx_word' id='word_1_36' title='bbox 1049 613 1167 651; x_wconf 88' lang='lat' dir='ltr'>remis</span> <span class='ocrx_word' id='word_1_37' title='bbox 1189 613 1229 651; x_wconf 89' lang='lat' dir='ltr'>in</span> <span class='ocrx_word' id='word_1_38' title='bbox 1253 625 1359 662; x_wconf 89' lang='lat' dir='ltr'>aqua</span> <span class='ocrx_word' id='word_1_39' title='bbox 1379 611 1568 651; x_wconf 89' lang='lat' dir='ltr'>intinctis.</span> <span class='ocrx_word' id='word_1_40' title='bbox 1616 611 1691 660; x_wconf 86' lang='lat' dir='ltr'>Igi-</span> 
     </span>
     <span class='ocr_line' id='line_1_7' title="bbox 130 676 1691 732; baseline -0.004 -7"><span class='ocrx_word' id='word_1_41' title='bbox 130 694 192 725; x_wconf 90' lang='lat' dir='ltr'>tur</span> <span class='ocrx_word' id='word_1_42' title='bbox 222 688 358 725; x_wconf 87' lang='lat' dir='ltr'>subest</span> <span class='ocrx_word' id='word_1_43' title='bbox 388 685 481 723; x_wconf 91' lang='lat' dir='ltr'>huic</span> <span class='ocrx_word' id='word_1_44' title='bbox 512 684 601 722; x_wconf 91' lang='lat' dir='ltr'>voci</span> <span class='ocrx_word' id='word_1_45' title='bbox 633 685 745 722; x_wconf 88' lang='lat' dir='ltr'>notio</span> <span class='ocrx_word' id='word_1_46' title='bbox 777 676 965 723; x_wconf 71' lang='lat' dir='ltr'>tufbandi</span> <span class='ocrx_word' id='word_1_47' title='bbox 995 684 1059 722; x_wconf 93' lang='lat' dir='ltr'>vel</span> <span class='ocrx_word' id='word_1_48' title='bbox 1091 683 1305 727; x_wconf 83' lang='lat' dir='ltr'>excitandi,</span> <span class='ocrx_word' id='word_1_49' title='bbox 1340 695 1445 732; x_wconf 90' lang='lat' dir='ltr'>quae</span> <span class='ocrx_word' id='word_1_50' title='bbox 1483 683 1535 720; x_wconf 90' lang='lat' dir='ltr'>ad</span> <span class='ocrx_word' id='word_1_51' title='bbox 1569 682 1691 720; x_wconf 88' lang='lat' dir='ltr'>animi</span> 
     </span>
     <span class='ocr_line' id='line_1_8' title="bbox 131 754 1692 805; baseline -0.003 -10"><span class='ocrx_word' id='word_1_52' title='bbox 131 757 288 796; x_wconf 88' lang='lat' dir='ltr'>insania</span> <span class='ocrx_word' id='word_1_53' title='bbox 319 756 402 794; x_wconf 92' lang='lat' dir='ltr'>sive</span> <span class='ocrx_word' id='word_1_54' title='bbox 433 764 539 794; x_wconf 91' lang='lat' dir='ltr'>metu</span> <span class='ocrx_word' id='word_1_55' title='bbox 572 755 704 794; x_wconf 88' lang='lat' dir='ltr'>affecti</span> <span class='ocrx_word' id='word_1_56' title='bbox 735 761 880 794; x_wconf 88' lang='lat' dir='ltr'>statum</span> <span class='ocrx_word' id='word_1_57' title='bbox 913 754 1073 805; x_wconf 86' lang='lat' dir='ltr'>egregie</span> <span class='ocrx_word' id='word_1_58' title='bbox 1105 754 1287 804; x_wconf 86' lang='lat' dir='ltr'>quadrat.</span> <span class='ocrx_word' id='word_1_59' title='bbox 1350 754 1455 792; x_wconf 93' lang='lat' dir='ltr'>Nam</span> <span class='ocrx_word' id='word_1_60' title='bbox 1501 760 1541 791; x_wconf 92' lang='lat' dir='ltr'>ut</span> <span class='ocrx_word' id='word_1_61' title='bbox 1586 765 1692 802; x_wconf 91' lang='lat' dir='ltr'>aqua</span> 
     </span>
     <span class='ocr_line' id='line_1_9' title="bbox 133 824 1689 872; baseline -0.003 -6"><span class='ocrx_word' id='word_1_62' title='bbox 133 840 331 867; x_wconf 89' lang='lat' dir='ltr'>remorum</span> <span class='ocrx_word' id='word_1_63' title='bbox 362 827 541 865; x_wconf 88' lang='lat' dir='ltr'>motione</span> <span class='ocrx_word' id='word_1_64' title='bbox 582 827 773 872; x_wconf 88' lang='lat' dir='ltr'>turbatur,</span> <span class='ocrx_word' id='word_1_65' title='bbox 818 826 872 864; x_wconf 90' lang='lat' dir='ltr'>ita</span> <span class='ocrx_word' id='word_1_66' title='bbox 915 826 1122 864; x_wconf 85' lang='lat' dir='ltr'>affectibus</span> <span class='ocrx_word' id='word_1_67' title='bbox 1167 824 1245 862; x_wconf 93' lang='lat' dir='ltr'>illis</span> <span class='ocrx_word' id='word_1_68' title='bbox 1288 824 1481 863; x_wconf 84' lang='lat' dir='ltr'>excitatur</span> <span class='ocrx_word' id='word_1_69' title='bbox 1522 824 1689 862; x_wconf 86' lang='lat' dir='ltr'>animus.</span> 
     </span>
     <span class='ocr_line' id='line_1_10' title="bbox 134 895 1694 948; baseline -0.003 -11"><span class='ocrx_word' id='word_1_70' title='bbox 134 899 339 948; x_wconf 87' lang='lat' dir='ltr'>Quocirca</span> <span class='ocrx_word' id='word_1_71' title='bbox 369 898 426 936; x_wconf 91' lang='lat' dir='ltr'>sic</span> <span class='ocrx_word' id='word_1_72' title='bbox 460 898 682 947; x_wconf 90' lang='lat' dir='ltr'>acceperim</span> <span class='ocrx_word' id='word_1_73' title='bbox 716 896 1016 946; x_wconf 87' lang='lat' dir='ltr'>Amphitryonis</span> <span class='ocrx_word' id='word_1_74' title='bbox 1047 896 1181 942; x_wconf 90' lang='lat' dir='ltr'>verba,</span> <span class='ocrx_word' id='word_1_75' title='bbox 1227 903 1269 934; x_wconf 93' lang='lat' dir='ltr'>ut</span> <span class='ocrx_word' id='word_1_76' title='bbox 1311 895 1551 944; x_wconf 89' lang='lat' dir='ltr'>depingatur</span> <span class='ocrx_word' id='word_1_77' title='bbox 1593 907 1694 932; x_wconf 86' lang='lat' dir='ltr'>voce</span> 
     </span>
     <span class='ocr_line' id='line_1_11' title="bbox 135 967 1147 1018; baseline -0.008 -6"><span class='ocrx_word' id='word_1_78' title='bbox 135 969 315 1018; x_wconf 79' lang='grc' dir='ltr'><strong><em>πίτυλος</em></strong></span> <span class='ocrx_word' id='word_1_79' title='bbox 346 969 469 1007; x_wconf 91' lang='lat' dir='ltr'>animi</span> <span class='ocrx_word' id='word_1_80' title='bbox 500 968 719 1006; x_wconf 85' lang='lat' dir='ltr'>commotio</span> <span class='ocrx_word' id='word_1_81' title='bbox 751 968 883 1006; x_wconf 91' lang='lat' dir='ltr'>furore</span> <span class='ocrx_word' id='word_1_82' title='bbox 913 967 1056 1005; x_wconf 84' lang='lat' dir='ltr'>affecti.</span> <span class='ocrx_word' id='word_1_83' title='bbox 1091 989 1147 994; x_wconf 91' lang='lat'>—</span> 
     </span>
    </p>

    <p class='ocr_par' dir='ltr' id='par_1_5' title="bbox 135 1035 1702 1799">
     <span class='ocr_line' id='line_1_12' title="bbox 277 1035 1695 1090; baseline -0.004 -12"><span class='ocrx_word' id='word_1_84' title='bbox 277 1040 437 1090; x_wconf 88' lang='lat' dir='ltr'>Negare</span> <span class='ocrx_word' id='word_1_85' title='bbox 468 1046 599 1077; x_wconf 89' lang='lat' dir='ltr'>autern</span> <span class='ocrx_word' id='word_1_86' title='bbox 633 1039 741 1085; x_wconf 92' lang='lat' dir='ltr'>nolo,</span> <span class='ocrx_word' id='word_1_87' title='bbox 775 1045 913 1076; x_wconf 89' lang='lat' dir='ltr'>nostro</span> <span class='ocrx_word' id='word_1_88' title='bbox 950 1038 1042 1076; x_wconf 93' lang='lat' dir='ltr'>loco</span> <span class='ocrx_word' id='word_1_89' title='bbox 1084 1037 1204 1076; x_wconf 88' lang='lat' dir='ltr'>etiam</span> <span class='ocrx_word' id='word_1_90' title='bbox 1249 1035 1367 1074; x_wconf 85' lang='lat' dir='ltr'>aliam</span> <span class='ocrx_word' id='word_1_91' title='bbox 1409 1036 1695 1086; x_wconf 87' lang='lat' dir='ltr'>interpretandi</span> 
     </span>
     <span class='ocr_line' id='line_1_13' title="bbox 135 1106 1694 1161; baseline -0.004 -11"><span class='ocrx_word' id='word_1_92' title='bbox 135 1113 240 1151; x_wconf 90' lang='lat' dir='ltr'>viam</span> <span class='ocrx_word' id='word_1_93' title='bbox 287 1118 436 1161; x_wconf 85' lang='lat' dir='ltr'>patere.</span> <span class='ocrx_word' id='word_1_94' title='bbox 501 1109 745 1159; x_wconf 90' lang='lat' dir='ltr'>Saepissime</span> <span class='ocrx_word' id='word_1_95' title='bbox 791 1109 898 1147; x_wconf 89' lang='lat' dir='ltr'>enim</span> <span class='ocrx_word' id='word_1_96' title='bbox 941 1109 1046 1146; x_wconf 88' lang='lat' dir='ltr'>valet</span> <span class='ocrx_word' id='word_1_97' title='bbox 1093 1107 1270 1156; x_wconf 79' lang='grc' dir='ltr'><strong><em>πίτυλος</em></strong></span> <span class='ocrx_word' id='word_1_98' title='bbox 1316 1106 1535 1156; x_wconf 86' lang='lat' dir='ltr'>remigium,</span> <span class='ocrx_word' id='word_1_99' title='bbox 1585 1107 1694 1156; x_wconf 90' lang='lat' dir='ltr'>quod</span> 
     </span>
     <span class='ocr_line' id='line_1_14' title="bbox 137 1176 1697 1233; baseline -0.004 -12"><span class='ocrx_word' id='word_1_100' title='bbox 137 1182 329 1232; x_wconf 89' lang='lat' dir='ltr'>exemplis</span> <span class='ocrx_word' id='word_1_101' title='bbox 361 1181 527 1219; x_wconf 90' lang='lat' dir='ltr'>illustrat</span> <span class='ocrx_word' id='word_1_102' title='bbox 559 1181 717 1219; x_wconf 89' lang='lat' dir='ltr'>Wilam.</span> <span class='ocrx_word' id='word_1_103' title='bbox 751 1180 776 1220; x_wconf 91' lang='lat' dir='ltr'>l.</span> <span class='ocrx_word' id='word_1_104' title='bbox 810 1180 860 1228; x_wconf 88' lang='lat' dir='ltr'>l.;</span> <span class='ocrx_word' id='word_1_105' title='bbox 894 1179 1029 1229; x_wconf 85' lang='lat' dir='ltr'>itaque</span> <span class='ocrx_word' id='word_1_106' title='bbox 1049 1176 1312 1233; x_wconf 79' lang='grc' dir='ltr'><strong><em>μαινόμενος</em></strong></span> <span class='ocrx_word' id='word_1_107' title='bbox 1335 1177 1510 1226; x_wconf 81' lang='grc' dir='ltr'><strong><em>πίτυλος</em></strong></span> <span class='ocrx_word' id='word_1_108' title='bbox 1532 1179 1697 1216; x_wconf 87' lang='lat' dir='ltr'>fortasse</span> 
     </span>
     <span class='ocr_line' id='line_1_15' title="bbox 137 1248 1695 1303; baseline -0.003 -12"><span class='ocrx_word' id='word_1_109' title='bbox 137 1253 336 1303; x_wconf 86' lang='lat' dir='ltr'>significat</span> <span class='ocrx_word' id='word_1_110' title='bbox 366 1252 567 1290; x_wconf 87' lang='lat' dir='ltr'>turbatum</span> <span class='ocrx_word' id='word_1_111' title='bbox 608 1250 829 1300; x_wconf 86' lang='lat' dir='ltr'>remigium,</span> <span class='ocrx_word' id='word_1_112' title='bbox 863 1262 944 1299; x_wconf 92' lang='lat' dir='ltr'>quo</span> <span class='ocrx_word' id='word_1_113' title='bbox 985 1250 1040 1295; x_wconf 84' lang='lat' dir='ltr'>fit,</span> <span class='ocrx_word' id='word_1_114' title='bbox 1085 1256 1127 1287; x_wconf 90' lang='lat' dir='ltr'>ut</span> <span class='ocrx_word' id='word_1_115' title='bbox 1167 1260 1283 1287; x_wconf 86' lang='lat' dir='ltr'>cursu</span> <span class='ocrx_word' id='word_1_116' title='bbox 1323 1255 1528 1287; x_wconf 79' lang='lat' dir='ltr'>excutatm·</span> <span class='ocrx_word' id='word_1_117' title='bbox 1569 1248 1695 1286; x_wconf 90' lang='lat' dir='ltr'>navis.</span> 
     </span>
     <span class='ocr_line' id='line_1_16' title="bbox 139 1319 1698 1372; baseline -0.004 -10"><span class='ocrx_word' id='word_1_118' title='bbox 139 1326 255 1362; x_wconf 87' lang='lat' dir='ltr'>Haec</span> <span class='ocrx_word' id='word_1_119' title='bbox 287 1323 420 1372; x_wconf 87' lang='lat' dir='ltr'>imago</span> <span class='ocrx_word' id='word_1_120' title='bbox 453 1322 505 1360; x_wconf 93' lang='lat' dir='ltr'>ad</span> <span class='ocrx_word' id='word_1_121' title='bbox 537 1321 723 1360; x_wconf 88' lang='lat' dir='ltr'>Herculis</span> <span class='ocrx_word' id='word_1_122' title='bbox 769 1321 941 1359; x_wconf 85' lang='lat' dir='ltr'>furorem</span> <span class='ocrx_word' id='word_1_123' title='bbox 983 1320 1173 1358; x_wconf 87' lang='lat' dir='ltr'>translata</span> <span class='ocrx_word' id='word_1_124' title='bbox 1216 1319 1366 1357; x_wconf 91' lang='lat' dir='ltr'>nullam</span> <span class='ocrx_word' id='word_1_125' title='bbox 1414 1319 1511 1356; x_wconf 88' lang='lat' dir='ltr'>mihi</span> <span class='ocrx_word' id='word_1_126' title='bbox 1551 1319 1698 1357; x_wconf 89' lang='lat' dir='ltr'>habere</span> 
     </span>
     <span class='ocr_line' id='line_1_17' title="bbox 140 1389 1698 1442; baseline -0.004 -9"><span class='ocrx_word' id='word_1_127' title='bbox 140 1395 294 1433; x_wconf 86' lang='lat' dir='ltr'>videtur</span> <span class='ocrx_word' id='word_1_128' title='bbox 324 1393 599 1432; x_wconf 80' lang='lat' dir='ltr'>offensionem.</span> <span class='ocrx_word' id='word_1_129' title='bbox 645 1393 701 1431; x_wconf 91' lang='lat' dir='ltr'>Ut</span> <span class='ocrx_word' id='word_1_130' title='bbox 722 1391 841 1442; x_wconf 89' lang='lat' dir='ltr'>igitur</span> <span class='ocrx_word' id='word_1_131' title='bbox 861 1392 1020 1430; x_wconf 91' lang='lat' dir='ltr'>turbato</span> <span class='ocrx_word' id='word_1_132' title='bbox 1042 1390 1196 1439; x_wconf 89' lang='lat' dir='ltr'>remigii</span> <span class='ocrx_word' id='word_1_133' title='bbox 1218 1390 1360 1428; x_wconf 90' lang='lat' dir='ltr'>ordine</span> <span class='ocrx_word' id='word_1_134' title='bbox 1380 1390 1494 1428; x_wconf 90' lang='lat' dir='ltr'>navis</span> <span class='ocrx_word' id='word_1_135' title='bbox 1516 1389 1567 1428; x_wconf 90' lang='lat' dir='ltr'>de</span> <span class='ocrx_word' id='word_1_136' title='bbox 1589 1396 1698 1428; x_wconf 90' lang='lat' dir='ltr'>recto</span> 
     </span>
     <span class='ocr_line' id='line_1_18' title="bbox 140 1461 1699 1514; baseline -0.004 -10"><span class='ocrx_word' id='word_1_137' title='bbox 140 1478 255 1504; x_wconf 87' lang='lat' dir='ltr'>cursu</span> <span class='ocrx_word' id='word_1_138' title='bbox 287 1464 509 1514; x_wconf 83' lang='lat' dir='ltr'>depellitur,</span> <span class='ocrx_word' id='word_1_139' title='bbox 543 1463 597 1501; x_wconf 87' lang='lat' dir='ltr'>ita</span> <span class='ocrx_word' id='word_1_140' title='bbox 628 1463 825 1501; x_wconf 88' lang='lat' dir='ltr'>Hercules</span> <span class='ocrx_word' id='word_1_141' title='bbox 857 1462 1013 1501; x_wconf 86' lang='lat' dir='ltr'>insania</span> <span class='ocrx_word' id='word_1_142' title='bbox 1043 1472 1256 1511; x_wconf 90' lang='lat' dir='ltr'>oppressus</span> <span class='ocrx_word' id='word_1_143' title='bbox 1288 1473 1311 1499; x_wconf 89' lang='lat' dir='ltr'>a</span> <span class='ocrx_word' id='word_1_144' title='bbox 1342 1467 1449 1499; x_wconf 87' lang='lat' dir='ltr'>recta</span> <span class='ocrx_word' id='word_1_145' title='bbox 1479 1461 1545 1498; x_wconf 91' lang='lat' dir='ltr'>via</span> <span class='ocrx_word' id='word_1_146' title='bbox 1577 1461 1699 1499; x_wconf 91' lang='lat' dir='ltr'>abdu-</span> 
     </span>
     <span class='ocr_line' id='line_1_19' title="bbox 141 1531 1698 1583; baseline -0.004 -8"><span class='ocrx_word' id='word_1_147' title='bbox 141 1544 205 1575; x_wconf 78' lang='lat' dir='ltr'>tus</span> <span class='ocrx_word' id='word_1_148' title='bbox 225 1543 298 1575; x_wconf 88' lang='lat' dir='ltr'>est.</span> <span class='ocrx_word' id='word_1_149' title='bbox 360 1535 503 1583; x_wconf 91' lang='lat' dir='ltr'>Neque</span> <span class='ocrx_word' id='word_1_150' title='bbox 525 1534 750 1572; x_wconf 86' lang='lat' dir='ltr'>dubitarem</span> <span class='ocrx_word' id='word_1_151' title='bbox 777 1533 982 1572; x_wconf 90' lang='lat' dir='ltr'>vindicare</span> <span class='ocrx_word' id='word_1_152' title='bbox 1012 1539 1150 1570; x_wconf 90' lang='lat' dir='ltr'>nostro</span> <span class='ocrx_word' id='word_1_153' title='bbox 1179 1532 1272 1570; x_wconf 91' lang='lat' dir='ltr'>loco</span> <span class='ocrx_word' id='word_1_154' title='bbox 1303 1532 1407 1569; x_wconf 86' lang='lat' dir='ltr'>hanc</span> <span class='ocrx_word' id='word_1_155' title='bbox 1439 1531 1698 1581; x_wconf 89' lang='lat' dir='ltr'>comparatio-</span> 
     </span>
     <span class='ocr_line' id='line_1_20' title="bbox 141 1602 1701 1653; baseline -0.004 -7"><span class='ocrx_word' id='word_1_156' title='bbox 141 1620 247 1653; x_wconf 89' lang='lat' dir='ltr'>nem,</span> <span class='ocrx_word' id='word_1_157' title='bbox 280 1607 356 1645; x_wconf 93' lang='lat' dir='ltr'>nisi</span> <span class='ocrx_word' id='word_1_158' title='bbox 388 1605 664 1644; x_wconf 86' lang='lat' dir='ltr'>dissuaderent</span> <span class='ocrx_word' id='word_1_159' title='bbox 695 1605 773 1642; x_wconf 89' lang='lat' dir='ltr'>hoc</span> <span class='ocrx_word' id='word_1_160' title='bbox 805 1603 938 1652; x_wconf 87' lang='lat' dir='ltr'>ceteri,</span> <span class='ocrx_word' id='word_1_161' title='bbox 973 1602 1118 1652; x_wconf 89' lang='lat' dir='ltr'>quibus</span> <span class='ocrx_word' id='word_1_162' title='bbox 1149 1603 1320 1640; x_wconf 91' lang='lat' dir='ltr'>eundem</span> <span class='ocrx_word' id='word_1_163' title='bbox 1365 1602 1701 1652; x_wconf 89' lang='lat' dir='ltr'>deprehendimus</span> 
     </span>
     <span class='ocr_line' id='line_1_21' title="bbox 144 1672 1702 1726; baseline -0.003 -10"><span class='ocrx_word' id='word_1_164' title='bbox 144 1679 253 1717; x_wconf 91' lang='lat' dir='ltr'>vocis</span> <span class='ocrx_word' id='word_1_165' title='bbox 284 1676 460 1726; x_wconf 85' lang='grc' dir='ltr'><strong><em>πίτυλος</em></strong></span> <span class='ocrx_word' id='word_1_166' title='bbox 490 1688 616 1722; x_wconf 89' lang='lat' dir='ltr'>usum,</span> <span class='ocrx_word' id='word_1_167' title='bbox 650 1676 742 1721; x_wconf 92' lang='lat' dir='ltr'>loci,</span> <span class='ocrx_word' id='word_1_168' title='bbox 776 1682 814 1714; x_wconf 87' lang='lat' dir='ltr'>et</span> <span class='ocrx_word' id='word_1_169' title='bbox 846 1674 1014 1713; x_wconf 90' lang='lat' dir='ltr'>alienior</span> <span class='ocrx_word' id='word_1_170' title='bbox 1043 1673 1140 1712; x_wconf 88' lang='lat' dir='ltr'>mihi</span> <span class='ocrx_word' id='word_1_171' title='bbox 1173 1685 1259 1712; x_wconf 89' lang='lat' dir='ltr'>esse</span> <span class='ocrx_word' id='word_1_172' title='bbox 1280 1672 1480 1711; x_wconf 89' lang='lat' dir='ltr'>videretur</span> <span class='ocrx_word' id='word_1_173' title='bbox 1499 1673 1589 1711; x_wconf 91' lang='lat' dir='ltr'>talis</span> <span class='ocrx_word' id='word_1_174' title='bbox 1611 1673 1702 1711; x_wconf 90' lang='lat' dir='ltr'>alle-</span> 
     </span>
     <span class='ocr_line' id='line_1_22' title="bbox 143 1746 812 1799; baseline -0.001 -12"><span class='ocrx_word' id='word_1_175' title='bbox 143 1749 256 1799; x_wconf 87' lang='lat' dir='ltr'>goria</span> <span class='ocrx_word' id='word_1_176' title='bbox 287 1749 339 1786; x_wconf 89' lang='lat' dir='ltr'>ab</span> <span class='ocrx_word' id='word_1_177' title='bbox 371 1747 553 1785; x_wconf 86' lang='lat' dir='ltr'>oratione</span> <span class='ocrx_word' id='word_1_178' title='bbox 584 1746 812 1796; x_wconf 92' lang='lat' dir='ltr'>Euripidea.</span> 
     </span>
    </p>

    <p class='ocr_par' dir='ltr' id='par_1_6' title="bbox 145 1814 1758 2860">
     <span class='ocr_line' id='line_1_23' title="bbox 286 1814 1701 1867; baseline -0.004 -10"><span class='ocrx_word' id='word_1_179' title='bbox 286 1820 381 1857; x_wconf 91' lang='lat' dir='ltr'>Post</span> <span class='ocrx_word' id='word_1_180' title='bbox 425 1819 531 1856; x_wconf 89' lang='lat' dir='ltr'>hanc</span> <span class='ocrx_word' id='word_1_181' title='bbox 562 1817 851 1867; x_wconf 85' lang='lat' dir='ltr'>digressionem</span> <span class='ocrx_word' id='word_1_182' title='bbox 896 1822 1071 1855; x_wconf 83' lang='lat' dir='ltr'>revertor</span> <span class='ocrx_word' id='word_1_183' title='bbox 1112 1815 1163 1854; x_wconf 95' lang='lat' dir='ltr'>ad</span> <span class='ocrx_word' id='word_1_184' title='bbox 1202 1815 1465 1865; x_wconf 90' lang='lat' dir='ltr'>Choephoros</span> <span class='ocrx_word' id='word_1_185' title='bbox 1511 1814 1701 1853; x_wconf 88' lang='lat' dir='ltr'>fabulam.</span> 
     </span>
     <span class='ocr_line' id='line_1_24' title="bbox 145 1885 1705 1938; baseline -0.003 -10"><span class='ocrx_word' id='word_1_186' title='bbox 145 1890 268 1929; x_wconf 91' lang='lat' dir='ltr'>Cuius</span> <span class='ocrx_word' id='word_1_187' title='bbox 299 1890 351 1928; x_wconf 92' lang='lat' dir='ltr'>de</span> <span class='ocrx_word' id='word_1_188' title='bbox 396 1901 445 1927; x_wconf 85' lang='lat' dir='ltr'>ea</span> <span class='ocrx_word' id='word_1_189' title='bbox 483 1896 597 1938; x_wconf 88' lang='lat' dir='ltr'>parte</span> <span class='ocrx_word' id='word_1_190' title='bbox 643 1895 763 1926; x_wconf 89' lang='lat' dir='ltr'>restat</span> <span class='ocrx_word' id='word_1_191' title='bbox 792 1895 834 1926; x_wconf 87' lang='lat' dir='ltr'>ut</span> <span class='ocrx_word' id='word_1_192' title='bbox 879 1887 1139 1937; x_wconf 88' lang='lat' dir='ltr'>disputemus,</span> <span class='ocrx_word' id='word_1_193' title='bbox 1188 1898 1292 1936; x_wconf 88' lang='lat' dir='ltr'>quae</span> <span class='ocrx_word' id='word_1_194' title='bbox 1339 1885 1558 1924; x_wconf 88' lang='lat' dir='ltr'>acerrimae</span> <span class='ocrx_word' id='word_1_195' title='bbox 1603 1886 1705 1924; x_wconf 88' lang='lat' dir='ltr'>inter</span> 
     </span>
     <span class='ocr_line' id='line_1_25' title="bbox 147 1956 1702 2006; baseline -0.004 -6"><span class='ocrx_word' id='word_1_196' title='bbox 147 1962 198 2000; x_wconf 90' lang='lat' dir='ltr'>O.</span> <span class='ocrx_word' id='word_1_197' title='bbox 232 1961 467 1999; x_wconf 90' lang='lat' dir='ltr'>Muellerum</span> <span class='ocrx_word' id='word_1_198' title='bbox 501 1967 539 1998; x_wconf 89' lang='lat' dir='ltr'>et</span> <span class='ocrx_word' id='word_1_199' title='bbox 572 1959 678 1997; x_wconf 90' lang='lat' dir='ltr'>God.</span> <span class='ocrx_word' id='word_1_200' title='bbox 714 1960 990 1997; x_wconf 88' lang='lat' dir='ltr'>Hermannum</span> <span class='ocrx_word' id='word_1_201' title='bbox 1024 1957 1319 1995; x_wconf 87' lang='lat' dir='ltr'>controversiae</span> <span class='ocrx_word' id='word_1_202' title='bbox 1349 1956 1532 2006; x_wconf 90' lang='lat' dir='ltr'>praebuit</span> <span class='ocrx_word' id='word_1_203' title='bbox 1552 1969 1702 1994; x_wconf 89' lang='lat' dir='ltr'>ansam.</span> 
     </span>
     <span class='ocr_line' id='line_1_26' title="bbox 147 2022 1758 2079; baseline -0.004 -9"><span class='ocrx_word' id='word_1_204' title='bbox 147 2033 252 2071; x_wconf 91' lang='lat' dir='ltr'>Dico</span> <span class='ocrx_word' id='word_1_205' title='bbox 285 2044 418 2070; x_wconf 84' lang='lat' dir='ltr'>versus</span> <span class='ocrx_word' id='word_1_206' title='bbox 457 2041 562 2079; x_wconf 89' lang='lat'>1045</span> <span class='ocrx_word' id='word_1_207' title='bbox 598 2042 727 2079; x_wconf 89' lang='lat' dir='ltr'>seqq.,</span> <span class='ocrx_word' id='word_1_208' title='bbox 761 2029 906 2079; x_wconf 88' lang='lat' dir='ltr'>quibus</span> <span class='ocrx_word' id='word_1_209' title='bbox 931 2022 982 2067; x_wconf 84' lang='lat' dir='ltr'>de</span> <span class='ocrx_word' id='word_1_210' title='bbox 1004 2028 1129 2066; x_wconf 86' lang='lat' dir='ltr'>Furiis</span> <span class='ocrx_word' id='word_1_211' title='bbox 1152 2026 1566 2077; x_wconf 91' lang='lat' dir='ltr'>appropinquantibus</span> <span class='ocrx_word' id='word_1_212' title='bbox 1589 2027 1705 2065; x_wconf 90' lang='lat' dir='ltr'>Ores·</span> <span class='ocrx_word' id='word_1_213' title='bbox 1755 2061 1758 2064; x_wconf 81' lang='grc'>,</span> 
     </span>
     <span class='ocr_line' id='line_1_27' title="bbox 146 2097 1705 2152; baseline -0.004 -11"><span class='ocrx_word' id='word_1_214' title='bbox 146 2110 206 2142; x_wconf 89' lang='lat' dir='ltr'>tes</span> <span class='ocrx_word' id='word_1_215' title='bbox 236 2102 422 2152; x_wconf 88' lang='lat' dir='ltr'>loquitur.</span> <span class='ocrx_word' id='word_1_216' title='bbox 484 2101 563 2138; x_wconf 83' lang='lat' dir='ltr'>Vix</span> <span class='ocrx_word' id='word_1_217' title='bbox 595 2100 846 2150; x_wconf 85' lang='lat' dir='ltr'>exspectabis</span> <span class='ocrx_word' id='word_1_218' title='bbox 879 2100 1082 2148; x_wconf 88' lang='lat' dir='ltr'>utriusque</span> <span class='ocrx_word' id='word_1_219' title='bbox 1113 2098 1184 2136; x_wconf 87' lang='lat' dir='ltr'>viri</span> <span class='ocrx_word' id='word_1_220' title='bbox 1215 2098 1431 2136; x_wconf 87' lang='lat' dir='ltr'>sententias</span> <span class='ocrx_word' id='word_1_221' title='bbox 1462 2097 1503 2135; x_wconf 91' lang='lat' dir='ltr'>in</span> <span class='ocrx_word' id='word_1_222' title='bbox 1547 2109 1705 2135; x_wconf 89' lang='lat' dir='ltr'>accura-</span> 
     </span>
     <span class='ocr_line' id='line_1_28' title="bbox 147 2167 1707 2213; baseline -0.004 -1"><span class='ocrx_word' id='word_1_223' title='bbox 147 2175 224 2213; x_wconf 89' lang='lat' dir='ltr'>tius</span> <span class='ocrx_word' id='word_1_224' title='bbox 256 2185 422 2212; x_wconf 86' lang='lat' dir='ltr'>examen</span> <span class='ocrx_word' id='word_1_225' title='bbox 454 2184 519 2210; x_wconf 90' lang='lat' dir='ltr'>me</span> <span class='ocrx_word' id='word_1_226' title='bbox 550 2184 637 2210; x_wconf 90' lang='lat' dir='ltr'>esse</span> <span class='ocrx_word' id='word_1_227' title='bbox 666 2178 910 2209; x_wconf 88' lang='lat' dir='ltr'>vocaturum.</span> <span class='ocrx_word' id='word_1_228' title='bbox 974 2170 1073 2208; x_wconf 89' lang='lat' dir='ltr'>Mihi</span> <span class='ocrx_word' id='word_1_229' title='bbox 1106 2176 1213 2208; x_wconf 84' lang='lat' dir='ltr'>certe</span> <span class='ocrx_word' id='word_1_230' title='bbox 1243 2169 1347 2207; x_wconf 89' lang='lat' dir='ltr'>adeo</span> <span class='ocrx_word' id='word_1_231' title='bbox 1369 2168 1523 2206; x_wconf 91' lang='lat' dir='ltr'>videtur</span> <span class='ocrx_word' id='word_1_232' title='bbox 1543 2167 1707 2205; x_wconf 89' lang='lat' dir='ltr'>diluisse</span> 
     </span>
     <span class='ocr_line' id='line_1_29' title="bbox 148 2238 1706 2293; baseline -0.004 -10"><span class='ocrx_word' id='word_1_233' title='bbox 148 2252 272 2283; x_wconf 85' lang='lat' dir='ltr'>totam</span> <span class='ocrx_word' id='word_1_234' title='bbox 306 2243 489 2282; x_wconf 88' lang='lat' dir='ltr'>Muelleri</span> <span class='ocrx_word' id='word_1_235' title='bbox 534 2242 933 2293; x_wconf 87' lang='lat' dir='ltr'>argumentationem,</span> <span class='ocrx_word' id='word_1_236' title='bbox 977 2253 1057 2290; x_wconf 89' lang='lat' dir='ltr'>qua</span> <span class='ocrx_word' id='word_1_237' title='bbox 1101 2253 1194 2279; x_wconf 88' lang='lat' dir='ltr'>vere</span> <span class='ocrx_word' id='word_1_238' title='bbox 1238 2239 1379 2277; x_wconf 91' lang='lat' dir='ltr'>adesse</span> <span class='ocrx_word' id='word_1_239' title='bbox 1422 2238 1500 2277; x_wconf 90' lang='lat' dir='ltr'>iam</span> <span class='ocrx_word' id='word_1_240' title='bbox 1542 2238 1621 2276; x_wconf 90' lang='lat' dir='ltr'>hoc</span> <span class='ocrx_word' id='word_1_241' title='bbox 1665 2238 1706 2276; x_wconf 89' lang='lat' dir='ltr'>in</span> 
     </span>
     <span class='ocr_line' id='line_1_30' title="bbox 149 2308 1708 2363; baseline -0.005 -9"><span class='ocrx_word' id='word_1_242' title='bbox 149 2316 328 2354; x_wconf 89' lang='lat' dir='ltr'>dramate</span> <span class='ocrx_word' id='word_1_243' title='bbox 370 2314 558 2363; x_wconf 90' lang='lat' dir='ltr'>Erinyum</span> <span class='ocrx_word' id='word_1_244' title='bbox 600 2325 792 2363; x_wconf 88' lang='lat' dir='ltr'>personas</span> <span class='ocrx_word' id='word_1_245' title='bbox 837 2313 1008 2362; x_wconf 90' lang='lat' dir='ltr'>probare</span> <span class='ocrx_word' id='word_1_246' title='bbox 1051 2311 1211 2356; x_wconf 89' lang='lat' dir='ltr'>studuit,</span> <span class='ocrx_word' id='word_1_247' title='bbox 1257 2309 1597 2360; x_wconf 88' lang='lat' dir='ltr'>ingeniosissimus</span> <span class='ocrx_word' id='word_1_248' title='bbox 1640 2308 1708 2347; x_wconf 91' lang='lat' dir='ltr'>ille</span> 
     </span>
     <span class='ocr_line' id='line_1_31' title="bbox 150 2378 1705 2434; baseline -0.005 -9"><span class='ocrx_word' id='word_1_249' title='bbox 150 2385 411 2430; x_wconf 88' lang='lat' dir='ltr'>adversarius,</span> <span class='ocrx_word' id='word_1_250' title='bbox 434 2392 476 2423; x_wconf 90' lang='lat' dir='ltr'>ut</span> <span class='ocrx_word' id='word_1_251' title='bbox 507 2391 597 2432; x_wconf 84' lang='lat' dir='ltr'>acta</span> <span class='ocrx_word' id='word_1_252' title='bbox 629 2391 776 2434; x_wconf 84' lang='lat' dir='ltr'>ageret,</span> <span class='ocrx_word' id='word_1_253' title='bbox 801 2383 868 2432; x_wconf 93' lang='lat' dir='ltr'>qui</span> <span class='ocrx_word' id='word_1_254' title='bbox 902 2383 1035 2421; x_wconf 91' lang='lat' dir='ltr'>denuo</span> <span class='ocrx_word' id='word_1_255' title='bbox 1059 2381 1239 2420; x_wconf 88' lang='lat' dir='ltr'>Muelleri</span> <span class='ocrx_word' id='word_1_256' title='bbox 1271 2380 1504 2430; x_wconf 90' lang='lat' dir='ltr'>opinionem</span> <span class='ocrx_word' id='word_1_257' title='bbox 1535 2378 1705 2429; x_wconf 89' lang='lat' dir='ltr'>suscipe-</span> 
     </span>
     <span class='ocr_line' id='line_1_32' title="bbox 151 2449 1708 2503; baseline -0.005 -8"><span class='ocrx_word' id='word_1_258' title='bbox 151 2464 208 2496; x_wconf 87' lang='lat' dir='ltr'>ret</span> <span class='ocrx_word' id='word_1_259' title='bbox 254 2456 518 2495; x_wconf 88' lang='lat' dir='ltr'>refutandam.</span> <span class='ocrx_word' id='word_1_260' title='bbox 594 2455 675 2494; x_wconf 90' lang='lat' dir='ltr'>Sed</span> <span class='ocrx_word' id='word_1_261' title='bbox 720 2467 965 2503; x_wconf 89' lang='lat' dir='ltr'>quamquam</span> <span class='ocrx_word' id='word_1_262' title='bbox 1011 2453 1051 2491; x_wconf 90' lang='lat' dir='ltr'>in</span> <span class='ocrx_word' id='word_1_263' title='bbox 1094 2451 1318 2491; x_wconf 88' lang='lat' dir='ltr'>Hermanni</span> <span class='ocrx_word' id='word_1_264' title='bbox 1365 2449 1708 2500; x_wconf 87' lang='lat' dir='ltr'>argumentatione</span> 
     </span>
     <span class='ocr_line' id='line_1_33' title="bbox 151 2520 1709 2575; baseline -0.006 -9"><span class='ocrx_word' id='word_1_265' title='bbox 151 2528 234 2566; x_wconf 89' lang='lat' dir='ltr'>iure</span> <span class='ocrx_word' id='word_1_266' title='bbox 266 2527 363 2565; x_wconf 90' lang='lat' dir='ltr'>mihi</span> <span class='ocrx_word' id='word_1_267' title='bbox 393 2527 532 2565; x_wconf 89' lang='lat' dir='ltr'>videor</span> <span class='ocrx_word' id='word_1_268' title='bbox 562 2525 828 2575; x_wconf 90' lang='lat' dir='ltr'>acquiescere,</span> <span class='ocrx_word' id='word_1_269' title='bbox 862 2531 995 2562; x_wconf 89' lang='lat' dir='ltr'>tamen</span> <span class='ocrx_word' id='word_1_270' title='bbox 1028 2523 1107 2562; x_wconf 90' lang='lat' dir='ltr'>alia</span> <span class='ocrx_word' id='word_1_271' title='bbox 1138 2535 1185 2561; x_wconf 87' lang='lat' dir='ltr'>ex</span> <span class='ocrx_word' id='word_1_272' title='bbox 1217 2529 1329 2572; x_wconf 88' lang='lat' dir='ltr'>parte</span> <span class='ocrx_word' id='word_1_273' title='bbox 1372 2521 1486 2567; x_wconf 90' lang='lat' dir='ltr'>infra,</span> <span class='ocrx_word' id='word_1_274' title='bbox 1527 2520 1624 2570; x_wconf 89' lang='lat' dir='ltr'>quid</span> <span class='ocrx_word' id='word_1_275' title='bbox 1656 2520 1709 2558; x_wconf 92' lang='lat' dir='ltr'>de</span> 
     </span>
     <span class='ocr_line' id='line_1_34' title="bbox 153 2591 1709 2647; baseline -0.006 -10"><span class='ocrx_word' id='word_1_276' title='bbox 153 2598 342 2647; x_wconf 85' lang='lat' dir='ltr'>Erinyum</span> <span class='ocrx_word' id='word_1_277' title='bbox 374 2597 415 2635; x_wconf 92' lang='lat' dir='ltr'>in</span> <span class='ocrx_word' id='word_1_278' title='bbox 447 2609 569 2635; x_wconf 83' lang='lat' dir='ltr'>scena</span> <span class='ocrx_word' id='word_1_279' title='bbox 598 2595 825 2647; x_wconf 88' lang='lat' dir='ltr'>praesentia</span> <span class='ocrx_word' id='word_1_280' title='bbox 857 2595 907 2632; x_wconf 89' lang='lat' dir='ltr'>sit</span> <span class='ocrx_word' id='word_1_281' title='bbox 939 2594 1211 2637; x_wconf 91' lang='lat' dir='ltr'>iudicandum,</span> <span class='ocrx_word' id='word_1_282' title='bbox 1246 2591 1482 2630; x_wconf 88' lang='lat' dir='ltr'>videbimus.</span> <span class='ocrx_word' id='word_1_283' title='bbox 1531 2591 1709 2639; x_wconf 88' lang='lat' dir='ltr'>Quanto-</span> 
     </span>
     <span class='ocr_line' id='line_1_35' title="bbox 154 2661 1712 2720; baseline -0.006 -12"><span class='ocrx_word' id='word_1_284' title='bbox 154 2682 250 2720; x_wconf 88' lang='lat' dir='ltr'>pere</span> <span class='ocrx_word' id='word_1_285' title='bbox 281 2669 386 2708; x_wconf 90' lang='lat' dir='ltr'>enim</span> <span class='ocrx_word' id='word_1_286' title='bbox 420 2668 549 2707; x_wconf 91' lang='lat' dir='ltr'>aliena</span> <span class='ocrx_word' id='word_1_287' title='bbox 579 2667 630 2706; x_wconf 91' lang='lat' dir='ltr'>sit</span> <span class='ocrx_word' id='word_1_288' title='bbox 661 2680 684 2706; x_wconf 90' lang='lat' dir='ltr'>a</span> <span class='ocrx_word' id='word_1_289' title='bbox 714 2672 849 2705; x_wconf 86' lang='lat' dir='ltr'>mente</span> <span class='ocrx_word' id='word_1_290' title='bbox 879 2665 1065 2714; x_wconf 89' lang='lat' dir='ltr'>Aeschyli</span> <span class='ocrx_word' id='word_1_291' title='bbox 1098 2663 1280 2716; x_wconf 78' lang='lat' dir='ltr'>Muelleri</span> <span class='ocrx_word' id='word_1_292' title='bbox 1310 2661 1498 2712; x_wconf 89' lang='lat' dir='ltr'>suspicio,</span> <span class='ocrx_word' id='word_1_293' title='bbox 1529 2668 1612 2700; x_wconf 91' lang='lat' dir='ltr'>tum</span> <span class='ocrx_word' id='word_1_294' title='bbox 1634 2662 1712 2700; x_wconf 90' lang='lat' dir='ltr'>cla-</span> 
     </span>
     <span class='ocr_line' id='line_1_36' title="bbox 153 2733 1710 2787; baseline -0.006 -8"><span class='ocrx_word' id='word_1_295' title='bbox 153 2741 306 2780; x_wconf 90' lang='lat' dir='ltr'>rissime</span> <span class='ocrx_word' id='word_1_296' title='bbox 336 2740 546 2786; x_wconf 88' lang='lat' dir='ltr'>elucescet,</span> <span class='ocrx_word' id='word_1_297' title='bbox 577 2739 623 2786; x_wconf 89' lang='lat' dir='ltr'>si,</span> <span class='ocrx_word' id='word_1_298' title='bbox 666 2750 745 2787; x_wconf 91' lang='lat' dir='ltr'>qua</span> <span class='ocrx_word' id='word_1_299' title='bbox 786 2737 940 2776; x_wconf 90' lang='lat' dir='ltr'>ratione</span> <span class='ocrx_word' id='word_1_300' title='bbox 982 2736 1023 2774; x_wconf 92' lang='lat' dir='ltr'>in</span> <span class='ocrx_word' id='word_1_301' title='bbox 1054 2734 1344 2774; x_wconf 86' lang='lat' dir='ltr'>Eumenidibus</span> <span class='ocrx_word' id='word_1_302' title='bbox 1374 2733 1580 2772; x_wconf 87' lang='lat' dir='ltr'>Furiarum</span> <span class='ocrx_word' id='word_1_303' title='bbox 1625 2744 1710 2783; x_wconf 90' lang='lat' dir='ltr'>per-</span> 
     </span>
     <span class='ocr_line' id='line_1_37' title="bbox 154 2810 867 2860; baseline -0.004 -10"><span class='ocrx_word' id='word_1_304' title='bbox 154 2824 278 2850; x_wconf 88' lang='lat' dir='ltr'>sonae</span> <span class='ocrx_word' id='word_1_305' title='bbox 308 2810 586 2859; x_wconf 88' lang='lat' dir='ltr'>adhibeantur,</span> <span class='ocrx_word' id='word_1_306' title='bbox 619 2821 867 2860; x_wconf 85' lang='lat' dir='ltr'>quaeremus.</span> 
     </span>
    </p>

    <p class='ocr_par' dir='ltr' id='par_1_7' title="bbox 156 2876 1711 3001">
     <span class='ocr_line' id='line_1_38' title="bbox 298 2876 1710 2931; baseline -0.006 -11"><span class='ocrx_word' id='word_1_307' title='bbox 298 2883 415 2920; x_wconf 90' lang='lat' dir='ltr'>Nunc</span> <span class='ocrx_word' id='word_1_308' title='bbox 446 2893 541 2920; x_wconf 91' lang='lat' dir='ltr'>vero</span> <span class='ocrx_word' id='word_1_309' title='bbox 572 2879 835 2931; x_wconf 87' lang='lat' dir='ltr'>opportunius</span> <span class='ocrx_word' id='word_1_310' title='bbox 866 2879 970 2917; x_wconf 90' lang='lat' dir='ltr'>hanc</span> <span class='ocrx_word' id='word_1_311' title='bbox 1002 2876 1331 2927; x_wconf 86' lang='lat' dir='ltr'>Choephororum</span> <span class='ocrx_word' id='word_1_312' title='bbox 1363 2882 1516 2925; x_wconf 86' lang='lat' dir='ltr'>partem</span> <span class='ocrx_word' id='word_1_313' title='bbox 1550 2886 1639 2912; x_wconf 90' lang='lat' dir='ltr'>cum</span> <span class='ocrx_word' id='word_1_314' title='bbox 1662 2885 1710 2912; x_wconf 90' lang='lat' dir='ltr'>ea</span> 
     </span>
     <span class='ocr_line' id='line_1_39' title="bbox 156 2944 1711 3001; baseline -0.005 -8"><span class='ocrx_word' id='word_1_315' title='bbox 156 2952 383 2994; x_wconf 89' lang='lat' dir='ltr'>Promethei</span> <span class='ocrx_word' id='word_1_316' title='bbox 414 2951 575 2991; x_wconf 84' lang='lat' dir='ltr'>fabulae</span> <span class='ocrx_word' id='word_1_317' title='bbox 606 2962 728 2990; x_wconf 87' lang='lat' dir='ltr'>scena</span> <span class='ocrx_word' id='word_1_318' title='bbox 758 2948 1094 3001; x_wconf 85' lang='lat' dir='ltr'>comparabimus,</span> <span class='ocrx_word' id='word_1_319' title='bbox 1127 2960 1206 2999; x_wconf 88' lang='lat' dir='ltr'>qua</span> <span class='ocrx_word' id='word_1_320' title='bbox 1236 2949 1282 2986; x_wconf 93' lang='lat' dir='ltr'>Io</span> <span class='ocrx_word' id='word_1_321' title='bbox 1324 2947 1376 2986; x_wconf 92' lang='lat' dir='ltr'>ab</span> <span class='ocrx_word' id='word_1_322' title='bbox 1409 2947 1518 2997; x_wconf 86' lang='lat' dir='ltr'>Argo</span> <span class='ocrx_word' id='word_1_323' title='bbox 1561 2944 1711 2995; x_wconf 84' lang='lat' dir='ltr'>agitata</span> 
     </span>
    </p>
   </div>
  </div>
 </body>
</html>
