1852 3242
694 188 956 230 ..5-

41 316 212 361 patrem,
244 320 422 358 uxorem,
454 308 630 357 liberos;
663 309 831 348 exsultat
861 307 1011 360 gaudio
1043 307 1188 348 chorus
1219 315 1259 348 et
1289 306 1332 347 id
1363 306 1472 346 canit
1515 319 1606 347 can·

41 381 178 427 ticum,
213 381 408 421 cuiusne
440 393 540 419 unus
572 381 737 430 quidem
781 372 1005 419 inveniatur
1048 393 1196 427 versus,
1242 379 1338 429 quin
1383 379 1608 418 laetissimis

40 452 171 504 pictus
203 453 253 491 sit
283 452 499 490 coloribus,
563 451 642 489 Vix
675 464 768 489 vero
802 451 939 489 ultima
971 451 1200 490 decantavit
1231 450 1366 495 verba,
1411 462 1500 488 cum
1534 450 1607 487 Iris

41 530 80 562 et
103 525 231 573 Lyssa
253 523 554 574 conspiciuntur
586 522 782 560 insaniam
817 523 857 560 in
892 523 1105 560 Herculem
1139 522 1400 560 immissurae.
1465 520 1605 566 Vides,

39 601 234 644 quantum
268 594 453 633 differant
487 594 661 632 fabulae.
726 593 862 631 Aiacis
894 585 999 632 enim
1034 594 1162 631 furore
1194 593 1300 631 velut
1346 592 1606 631 fundamento

41 665 179 705 nititur
210 665 402 705 dramatis
425 665 544 710 actio,
570 665 756 703 Herculis
781 664 938 702 insania
969 664 1114 703 exitum
1147 663 1279 714 potius
1312 663 1396 702 eius
1419 663 1604 712 explicat.

41 737 255 787 Sophoclis
288 736 406 786 igitur
437 744 534 781 erat,
560 736 757 773 insaniam
791 742 883 773 ante
915 735 1117 773 ineuntem
1151 735 1328 773 fabulam
1360 747 1490 784 paene
1522 734 1606 772 fini-

40 815 122 847 tam
154 808 194 846 in
228 808 316 858 ipso
349 807 514 846 exordio
547 818 772 856 exponere;
822 806 999 856 Euripidi
1045 806 1246 844 difficilius
1291 806 1367 843 hoc
1409 818 1605 855 propone-

40 879 168 927 batur,
202 891 282 928 qua
314 878 466 917 ratione
502 878 771 916 introduceret
814 877 1009 915 insaniam
1043 877 1120 914 iam
1152 877 1250 914 actis
1287 876 1411 914 tribus
1445 876 1604 914 fabulae

39 950 209 990 actibus.
275 950 400 999 Quod
433 950 641 999 quomodo
674 949 822 994 fecerit,
857 961 963 986 nunc
995 960 1233 998 quaeramus
1266 954 1436 997 oportet.
1475 969 1524 974 -—

186 1047 318 1094 Atque
350 1045 556 1083 offendent
589 1043 812 1082 accuratius
858 1044 898 1081 in
926 1043 1127 1093 Euripidis
1173 1031 1296 1081 artem
1338 1042 1602 1092 inquirentem

38 1123 98 1155 tot
129 1116 295 1156 deorum
328 1116 477 1154 inutilis
510 1127 738 1153 concursus.
794 1114 1005 1164 Euripides
1038 1114 1144 1152 enirn
1177 1114 1250 1151 sub
1283 1114 1411 1163 ipsum
1446 1113 1604 1151 fabulae

38 1187 186 1226 exitum
228 1188 328 1226 duas
373 1187 523 1226 inducit
556 1199 748 1236 personas
781 1186 949 1233 divinas,
985 1198 1089 1235 quae
1121 1185 1299 1223 indicent
1332 1184 1517 1223 Herculis
1550 1185 1604 1222 su-

39 1272 182 1305 torem.
230 1259 316 1297 Nec
348 1259 490 1296 iniuria
522 1258 580 1295 his
613 1257 839 1295 adiunxeris
872 1258 1081 1300 Iunonem,
1115 1269 1231 1305 quae,
1272 1249 1454 1305 quami-is
1486 1255 1602 1301 absit,

38 1337 171 1368 tamen
203 1330 333 1368 missis
365 1330 468 1367 Iride
501 1337 539 1367 et
562 1331 687 1378 Lyssa
719 1329 868 1366 auctrix
891 1335 950 1366 est
971 1327 1222 1366 calamitatis.
1287 1328 1344 1366 Ut
1364 1327 1481 1376 igitur
1502 1328 1604 1365 Iuno

38 1401 145 1448 Iridi,
171 1402 226 1440 ita
248 1403 399 1451 Lyssae
422 1401 506 1446 Iris,
542 1408 582 1438 ut
615 1400 772 1438 insania
804 1399 952 1437 afficiat
987 1399 1216 1444 Herculem,
1250 1399 1443 1448 imperat;
1479 1399 1604 1447 Lyssa

8 1522 17 1531 Ι
37 1473 212 1523 denique
245 1472 454 1522 imperium
489 1472 526 1509 in
555 1471 770 1509 Herculem
803 1478 970 1509 exercet.

182 1568 299 1616 Quae
332 1579 423 1604 cum
456 1566 509 1604 ita
551 1566 641 1610 sint,
684 1565 788 1603 duae
829 1565 1079 1615 potissimum
1120 1565 1291 1603 existunt
1332 1563 1601 1614 quaestiones,

37 1639 162 1676 altera
193 1651 263 1675 cur
295 1637 461 1675 omnino
508 1636 735 1675 adhibuerit
779 1636 935 1674 divinas
979 1648 1170 1685 personas
1214 1635 1435 1685 Euripides,
1480 1635 1603 1673 altera

37 1721 108 1747 cur
138 1722 220 1747 non
252 1721 372 1747 unam
405 1708 587 1746 maluerit
619 1707 808 1745 inducere
841 1719 962 1755 quam
995 1713 1052 1744 tot
1085 1707 1162 1744 hoc
1193 1707 1284 1744 loco
1306 1706 1391 1744 deis
1412 1705 1602 1744 adhibitis

39 1781 209 1818 actionis
242 1788 421 1818 tenorem
469 1791 628 1829 prorsus
676 1779 972 1827 interrumpere,
1014 1777 1124 1815 cuius
1168 1789 1304 1814 cursus
1347 1788 1397 1814 eo
1441 1789 1603 1825 quoque

37 1858 235 1901 gravatur,
269 1851 378 1900 quod
413 1852 576 1899 Lyssam
611 1849 886 1887 invitissimam
933 1848 1027 1886 facit
1071 1847 1228 1885 insania
1260 1848 1475 1886 Herculem
1518 1848 1600 1885 affi-

38 1922 209 1960 cientem
242 1934 373 1970 neque
407 1921 512 1970 prius
546 1921 736 1958 mandata
768 1920 997 1964 obeuntem,
1031 1931 1151 1967 quam
1193 1918 1365 1967 graviter
1404 1918 1476 1956 Iris
1521 1931 1602 1956 mo-

38 1992 135 2038 nuit,
169 2004 220 2030 ne
251 1991 388 2029 Iunnis
419 1991 613 2029 voluntati
646 1990 868 2028 obsisteret.

181 2088 312 2136 Atque
344 2086 499 2123 videtur
530 2085 700 2123 scienter
731 2084 827 2122 mihi
870 2084 1072 2122 monuisse
1106 2084 1365 2122 Wilamowitz
1396 2085 1534 2134 (Herc.
1570 2085 1600 2122 Ι.

38 2171 104 2208 pg.
139 2157 240 2211 368)
274 2158 380 2194 hanc
411 2169 573 2195 scenam
607 2170 630 2193 a
662 2155 806 2194 divinis
840 2155 1020 2205 personis
1054 2162 1183 2193 actam
1217 2155 1382 2193 alterum
1406 2167 1492 2193 csse
1514 2154 1600 2193 dra-

38 2229 154 2267 matis
187 2230 410 2278 prologum.
475 2228 658 2265 Profecto
691 2227 795 2264 enim
830 2241 851 2264 e
884 2226 1074 2275 peculiari
1107 2226 1268 2264 fabulae
1291 2226 1512 2275 argumenti
1534 2239 1601 2265 na-

38 2308 126 2338 tura
156 2300 237 2338 duo
269 2307 357 2337 orta
388 2307 479 2336 sunt
523 2298 740 2348 prooemia.
805 2298 969 2346 Quippe
1001 2297 1134 2335 divisit
1174 2304 1298 2335 totam
1336 2297 1599 2347 tragoediam,

2 2365 5 2367 ³
39 2379 79 2429 ut
111 2383 231 2421 supra
263 2370 445 2414 vidimus,
481 2370 520 2407 in
554 2369 654 2407 duas
687 2376 818 2418 partes
852 2368 1061 2417 Euripides
1093 2380 1242 2416 easque
1275 2380 1356 2405 non
1398 2369 1526 2406 solum
1559 2382 1602 2407 re

39 2443 111 2481 sed
142 2442 261 2480 etiam
295 2442 431 2479 colore
464 2441 565 2478 inter
597 2452 639 2478 se
672 2439 972 2478 diversissimas.
1038 2439 1124 2476 Nec
1169 2451 1262 2477 vero
1305 2438 1389 2476 fieri
1433 2446 1599 2488 poterat,

41 2520 80 2551 ut
125 2511 255 2550 statim
300 2513 351 2550 ab
394 2511 507 2548 initio
555 2512 683 2548 futura
727 2509 911 2547 Herculis
954 2509 1160 2547 calamitas
1203 2509 1257 2546 ita
1302 2517 1342 2547 ut
1374 2522 1434 2547 ex.
1467 2523 1524 2559 gr.
1560 2510 1599 2548 in

40 2584 277 2633 Hippolyto,
311 2582 612 2632 praesagiretur.
678 2582 740 2618 An
773 2588 854 2618 tum
888 2580 965 2617 vim
1000 2581 1120 2618 ullam
1152 2580 1337 2618 habitura
1377 2580 1513 2619 fuisset
1546 2595 1600 2620 re-

39 2653 204 2705 pentina
238 2653 421 2691 Herculis
456 2653 634 2690 fortunae
669 2651 862 2690 mutatio?
910 2651 1033 2700 Atqui
1065 2651 1105 2688 in
1138 2651 1213 2688 hac
1246 2651 1405 2701 propria
1437 2652 1601 2691 huiusce

38 2724 229 2764 dramatis
261 2725 318 2762 vis
351 2731 409 2762 est
441 2723 581 2773 posita.
631 2724 773 2772 Neque
805 2723 970 2761 fortasse
1003 2722 1233 2767 errabimus,
1266 2722 1298 2760 si
1331 2722 1499 2772 primum
1523 2723 1601 2761 hoc

39 2796 235 2834 studuisse
268 2802 485 2833 statuemus
519 2794 762 2843 Euripidem,
798 2800 837 2831 ut
869 2793 1141 2842 tranquilliore
1174 2793 1383 2843 minusque
1425 2807 1599 2832 commo·

40 2875 81 2905 to
113 2866 247 2904 animo
280 2872 538 2914 sequerentur
559 2872 804 2914 spectatores
827 2864 953 2913 ipsam
976 2864 1155 2908 insaniae
1178 2864 1609 2913 repraesentationem„

183 2948 350 2986 Accedit
391 2947 511 2988 aliud.
562 2946 894 2985 considerantem
936 2954 1072 2993 totam,
1105 2959 1209 2995 quae
1252 2946 1291 2983 in
1334 2946 1600 2991 describenda
