1884 3230
471 741 845 810 Sententiae
895 746 1364 811 controversae.

909 981 941 1020 Ι.

281 1052 438 1090 Sallust.
473 1051 623 1089 Histor.
659 1058 758 1089 orat.
793 1051 938 1101 Lepidi
969 1051 995 1102 ἓ
1033 1065 1084 1090 20
1117 1050 1270 1090 codicis
1292 1052 1341 1088 V.
1375 1050 1520 1089 verba:
1560 1062 1705 1099 »quam

138 1129 291 1173 raptum
325 1122 371 1160 iri
403 1122 495 1160 licet
527 1128 566 1161 et
597 1134 715 1171 quam
750 1122 912 1168 audeas,
947 1128 1027 1160 tam
1051 1122 1175 1160 videri
1199 1121 1379 1160 felicem«
1409 1121 1466 1158 sic
1488 1120 1566 1170 legi
1588 1121 1703 1158 volo:

145 1206 291 1243 »quum
324 1200 479 1244 raptum
512 1193 568 1232 ire
600 1193 636 1231 ei
668 1193 762 1232 licet
793 1201 845 1239 et,
879 1205 999 1242 quam
1033 1193 1191 1238 audeat,
1235 1199 1315 1230 tam
1348 1191 1473 1230 videri
1506 1191 1700 1231 felicem.‹

896 1313 947 1350 11.

283 1384 551 1433 Ps.-Xenoph.
585 1384 637 1423 de
669 1384 822 1434 republ.
846 1384 991 1422 Athen.
1023 1398 1059 1422 c.
1083 1384 1133 1423 II.
1168 1383 1194 1433 ξ
1234 1397 1282 1421 10
1316 1382 1395 1431 legi
1426 1381 1571 1421 iubeo:
1610 1386 1709 1423 »καὶ

139 1451 360 1510 γυμνάσια
394 1478 449 1483 -—
481 1477 539 1482 -
569 1459 660 1504 τοῖς
691 1457 773 1509 μὲν
805 1454 1022 1504 πλουσίοις
1053 1452 1170 1496 ictu)
1202 1452 1294 1511 ἰδίᾳ
1326 1452 1468 1502 ἐνίοις,
1505 1452 1527 1493 ὅ
1560 1450 1607 1494 δὲ
1640 1450 1708 1507 δῆ-

138 1539 221 1581 μος
248 1523 382 1577 αὐτὸς
414 1524 539 1583 αὐτῷ
570 1525 862 1580 οἰκοδομεῖται
894 1525 1170 1582 παλαίστρας
1203 1523 1381 1574 πολλοῖς,
1416 1546 1470 1551 —
1505 1546 1561 1552 —
1597 1546 1651 1552 -
1685 1553 1692 1561 ·

892 1646 962 1685 III.

288 1717 512 1755 Aristotelis
544 1717 596 1755 de
629 1729 669 1755 re
701 1715 863 1766 publica
894 1715 1196 1755 Atheniensium
1237 1715 1380 1753 librum
1425 1726 1552 1764 nuper
1583 1726 1711 1763 reper-

147 1795 227 1826 tum
261 1802 342 1827 non
376 1789 428 1827 ab
462 1788 549 1838 ipso
582 1787 825 1838 philosopho
858 1800 945 1826 esse
977 1786 1245 1836 conscriptum
1279 1786 1422 1824 iniuria
1445 1787 1508 1823 Fr.
1531 1785 1663 1823 Cauer
1678 1781 1712 1838 ¹)

147 1859 241 1898 inde
274 1859 491 1907 concludit,
525 1859 635 1908 quod
668 1872 756 1908 cap.
793 1872 861 1906 41.
926 1858 1007 1909 (pg.
1050 1858 1146 1909 106)
1178 1857 1338 1896 laudare
1378 1857 1534 1895 videtur
1574 1862 1714 1894 auctor

148 1931 325 1969 instituta
357 1931 555 1981 quaedam
588 1929 870 1969 democratica.

898 2037 969 2074 IV.

293 2109 427 2148 Anon.
464 2113 562 2163 περὶ
595 2104 737 2165 ὕψους
770 2108 800 2145 Ι.
837 2119 860 2154 4
898 2102 976 2160 (ed.
1011 2104 1302 2156 Jahn-Vahlen)
1335 2105 1571 2155 legendum:
1604 2099 1714 2146 πάν-

150 2197 200 2236 τη
233 2179 286 2221 δέ
312 2196 358 2231 γε
392 2177 469 2221 σὺν
500 2177 706 2233 ἐκπλήξει
737 2175 817 2220 τοῦ
854 2177 1058 2219 πιθανοῦ
1102 2182 1177 2218 καὶ
1218 2179 1296 2219 τοῦ
1329 2174 1436 2232 πρὸς
1480 2171 1610 2231 χάριν
1644 2166 1714 2216 αἐὶ

151 2260 310 2308 κρατεῖ,
344 2251 389 2292 εἴ
413 2265 460 2303 γε
496 2272 548 2278 —-
584 2273 628 2277 —
674 2272 728 2276 —
762 2279 772 2298 ‚
805 2248 946 2288 deletis
980 2260 1084 2297 quae
1117 2255 1207 2298 post
1237 2251 1390 2302 κρατεῖ
1433 2252 1599 2292 exstant,
1633 2258 1715 2284 ver-

152 2323 214 2361 bis
245 2318 293 2364 τι)
327 2319 593 2376 θαυμάσιον.

910 2429 960 2466 V.

297 2498 630 2550 Hippocraticum
661 2499 713 2537 de
746 2498 887 2536 morbo
919 2511 1034 2536 sacro
1056 2498 1200 2535 librum
1222 2496 1397 2546 spurium
1419 2509 1507 2535 esse
1527 2502 1566 2534 et
1587 2501 1715 2546 poste-

154 2571 247 2610 riori
281 2570 560 2609 ascribendum
594 2569 725 2614 aetati,
761 2582 842 2607 non
875 2569 1060 2619 probavit
1092 2568 1292 2606 Ermerins
1323 2563 1394 2618 (cf.
1419 2569 1481 2606 Fr.
1506 2566 1626 2604 Zach.
1651 2567 1717 2604 Er-

155 2642 324 2683 merins:
378 2641 503 2691 Hipp.
557 2648 595 2679 et
647 2640 813 2679 aliorum
872 2640 1119 2679 medicorum
1173 2638 1363 2688 reliquiae
1417 2638 1568 2688 proleg.
1622 2649 1716 2686 pgg.

155 2714 311 2752 XXXV
343 2712 474 2762 seqq.)

302 2909 331 2956 ἱ)
356 2911 400 2944 cf.
428 2911 482 2943 Fr.
511 2910 639 2944 Cauer.
684 2911 755 2942 Hnt
779 2908 975 2941 Aristoteles
1010 2908 1065 2940 die
1091 2906 1214 2940 Schrift
1239 2916 1315 2940 vom
1342 2907 1456 2939 staate
1489 2905 1547 2938 der
1572 2905 1722 2937 Athe'ner

157 2972 397 3017 geschrieben?
446 2969 625 3016 (Stuttgart
654 2971 753 3013 1891,
785 2980 842 3013 pg.
870 2969 916 3010 48
943 2967 1054 3013 seqq.)
