1884 3230
832 200 1127 239 -26—

196 335 242 363 us
273 324 462 377 Aeschyli
508 327 704 367 habemus
749 328 1087 380 descriptionem,
1134 343 1239 382 quae
1269 331 1311 371 in
1341 333 1583 374 Prometheo
1624 334 1759 376 fabula

196 396 405 437 invenitur.

339 470 438 508 Sunt
471 478 601 508 autem
635 472 881 510 secernenda
922 472 962 510 in
995 474 1197 523 Aeschylo
1238 474 1319 513 duo
1361 476 1556 515 tractandi
1595 489 1756 527 genera,

195 538 329 587 specie
362 552 410 577 ea
440 540 561 589 longe
595 541 696 580 inter
727 555 770 580 se
801 542 971 589 diversa,
1005 556 1174 592 quorum
1207 545 1372 583 alterum
1407 547 1661 594 Eumenides,
1702 548 1757 586 al·

194 614 319 646 terum
369 610 601 660 Choephori
648 618 686 650 et
734 613 991 651 Prometheus
1039 614 1199 653 fabulae
1245 624 1555 666 repraesentant.
1617 619 1756 668 Itaque

193 687 414 718 monstrata
465 688 524 720 est
556 682 835 732 disputationis
879 684 954 724 via.
1019 685 1122 723 Nam
1164 693 1331 736 apparet
1370 687 1552 737 exposita
1594 689 1755 728 demum

193 750 269 788 hac
301 751 527 790 differentia
559 754 754 792 accedere
786 767 858 804 par
889 767 976 794 esse
1008 755 1061 794 ad
1093 757 1279 806 Aeschyli
1312 770 1403 796 cum
1427 758 1618 809 Euripide
1648 772 1755 798 com·

191 822 452 870 parationem.

334 894 538 942 Quoniam
571 903 702 934 autem
735 896 775 934 in
808 897 977 936 eandem
1011 898 1156 937 cadere
1187 899 1353 937 formam
1375 900 1580 950 posuimus
1601 901 1755 940 Orestis

189 963 230 1000 in
264 964 527 1014 Choephoris,
563 967 672 1006 Ionis
705 967 744 1005 in
778 969 1016 1007 Prometheo
1049 969 1372 1019 descriptionem,
1406 971 1458 1010 ab
1496 971 1556 1010 his
1598 971 1755 1011 initium

189 1035 272 1073 fieri
306 1037 501 1075 volumus.
551 1040 683 1088 Atque
716 1039 900 1089 primum,
934 1042 1141 1090 quomodo
1174 1041 1284 1079 Ionis
1315 1041 1510 1080 insaniam
1532 1042 1754 1092 Aeschylus

189 1106 425 1155 depinxerit,
462 1109 699 1150 videbimus,
763 1112 794 1148 F
798 1111 1004 1149 abularum
1037 1118 1272 1162 argumenta
1291 1125 1493 1162 exponere
1513 1125 1621 1151 nunc
1641 1114 1750 1152 nolo.

189 1177 282 1214 Hoc
314 1180 594 1218 tantummodo
634 1181 856 1230 quaeritur,
900 1194 1004 1231 quae
1048 1183 1175 1221 subsit
1213 1183 1315 1221 ratio
1359 1183 1526 1234 singulis
1571 1184 1752 1223 insaniae

187 1247 536 1298 descriptionibus.
571 1272 630 1278 —-

331 1321 547 1366 Dramatis,
581 1323 692 1371 quod
725 1323 950 1362 inscribitur
980 1323 1243 1380 Προμηθεὺς
1274 1323 1504 1379 δεσμώτης.
1547 1326 1629 1365 duo
1672 1326 1751 1365 huc

177 1390 368 1438 'spectant
400 1391 506 1441 loci3
539 1400 660 1441 atque
692 1393 743 1432 de
777 1394 920 1443 priore,
955 1394 1022 1444 qui
1055 1402 1115 1433 est
1145 1395 1247 1434 tertii
1280 1396 1476 1446 epeisodii
1507 1396 1634 1443 initio,
1667 1403 1750 1436 tum

185 1473 443 1510 exponemus,
479 1475 569 1501 cum
602 1464 654 1502 de
686 1465 814 1503 Furiis
855 1466 907 1503 ab
940 1466 1083 1504 Oreste
1123 1466 1197 1504 sub
1241 1466 1387 1505 exitum
1418 1467 1750 1517 Choephororum

184 1532 410 1581 conspectis
443 1533 732 1584 disputabitur3
776 1536 827 1573 ad
868 1537 1034 1575 alterum
1080 1537 1212 1575 statim
1255 1538 1422 1583 accedo,
1468 1537 1536 1587 qui
1580 1538 1751 1588 pertinet

183 1602 278 1640 inde
311 1615 335 1641 a
366 1616 481 1642 versu
517 1607 596 1655 875
635 1618 759 1656 usque
791 1607 843 1645 ad
874 1619 1030 1645 versum
1065 1609 1163 1655 884.

327 1687 477 1725 Profert
509 1689 554 1726 Io
586 1689 795 1738 repentino
829 1689 1010 1728 insaniae
1043 1690 1202 1729 incursu
1234 1703 1428 1741 oppressa
1459 1691 1558 1730 haec
1599 1692 1747 1732 verba:

526 1757 684 1803 ἐλελεῦ.
720 1758 878 1803 ἐλελεῦ.

527 1828 618 1872 ’ὑπό
648 1833 692 1884 μ’
728 1825 789 1874 αὖ
822 1830 1034 1885 σφάκελος
1064 1837 1139 1873 καὶ
1170 1831 1475 1889 φρενοπληγεῖς

525 1908 685 1955 μανίαι
721 1901 959 1952 θάλπουῶ,
993 1904 1162 1959 οἴστρου
1195 1902 1232 1944 δ’
1266 1901 1392 1959 ἄρδις

522 1978 630 2026 χρίει
662 1969 892 2027 μ’ὄὲπυροζ

525 2042 684 2098 κραδία
719 2042 766 2085 δὲ
799 2042 922 2101 φόβῳ
956 2049 1092 2100 φρένα
1126 2043 1328 2094 λακτίζει.

523 2112 832 2168 τροχοδινεῖται
866 2113 901 2156 δ’
937 2109 1108 2169 ὄμμαθ’
1143 2114 1327 2170 ἑλίγδην,

523 2181 608 2232 ἕξω
642 2183 687 2225 δὲ
722 2181 883 2239 δρόμου
914 2191 1097 2242 φέρομαι
1130 2185 1281 2241 λύσσης

522 2253 744 2308 πνεύματι
776 2251 941 2312 μάργῳ,
973 2252 1161 2311 γλώσσης
1191 2254 1396 2313 α’κρατής.

524 2325 702 2380 θολεροὶ
735 2325 782 2368 δὲ
815 2325 933 2379 λόγοι
964 2327 1143 2369 natovcr'
1177 2328 1270 2390 εἰκῇ

520 2399 700 2451 στυγνῆς
731 2396 840 2454 πρός
871 2396 1059 2451 κύμασιν
1091 2396 1210 2453 ἄτης.

320 2466 438 2502 Hanc
476 2466 656 2506 insaniae
689 2468 998 2518 descriptionem
1032 2482 1112 2518 qua
1155 2470 1309 2508 ratione
1350 2470 1560 2509 instituerit
1602 2477 1736 2521 poeta,

175 2536 381 2582 quaerenti
415 2537 543 2574 statim
578 2538 718 2575 mirum
763 2539 969 2587 videbitur,
1012 2541 1120 2589 quod
1165 2542 1208 2579 Io
1252 2541 1340 2590 ipsa
1383 2541 1563 2590 quamvis
1606 2542 1736 2581 furore

175 2618 366 2654 oppressa
400 2607 542 2646 mentis
575 2609 835 2658 corporisque
866 2610 925 2647 sui
948 2618 1091 2648 statum
1114 2611 1317 2649 describit.
1382 2612 1597 2650 Veritatem
1619 2612 1736 2662 igitur

173 2687 254 2712 non
288 2677 439 2715 curavit
471 2686 603 2727 poeta,
638 2681 746 2728 quod
780 2693 830 2718 ne
862 2681 1038 2719 offendet
1070 2681 1232 2730 quidem
1265 2681 1304 2719 in
1337 2682 1550 2731 Aeschylo.
1614 2683 1733 2722 Hanc

172 2753 316 2792 autem,
342 2748 411 2785 etsi
448 2761 528 2786 non
553 2758 754 2787 assecutus
787 2758 858 2796 est,
882 2759 1016 2790 tamen
1040 2751 1263 2790 adfectasse
1286 2759 1447 2801 poetam
1481 2752 1733 2803 unusquique

171 2816 326 2855 sentiet.
393 2819 527 2866 Quam
561 2820 610 2857 ad
644 2833 725 2858 rem
759 2821 903 2870 quibus
934 2821 1122 2859 subsidiis
1155 2834 1246 2860 usus
1278 2822 1350 2868 sit,
1385 2835 1531 2873 operae
1562 2823 1729 2872 pretium

170 2893 229 2924 est
261 2887 508 2937 investigare.

313 2959 574 3009 Summopere
607 2961 796 3009 agitatam
830 2974 916 3000 esse
949 2964 1084 3001 Ionem
1117 2963 1249 3001 statim
1282 2963 1460 3003 declarat
1494 2970 1728 3014 anapaesto·
