1884 3230
689 241 739 250 -.
810 233 859 260 21
925 240 983 251 .-

54 351 204 404 pariter
231 351 346 391 vanis
385 351 533 391 fallitur
564 350 820 402 imaginibus.
884 351 1040 390 Tamen
1078 349 1144 388 hic
1184 348 1435 400 potissimum
1476 348 1617 395 elucet,

57 431 249 474 quantum
281 423 381 462 inter
407 423 628 473 Sophoclis⁴
650 430 689 461 et
713 422 916 472 Euripidis
949 421 1143 460 rationem
1167 420 1422 460 describendi
1453 419 1617 459 intersit.

55 494 192 534 Aiacis
223 495 329 533 enim
362 506 474 532 mens
505 500 589 532 tota
619 501 677 532 est
709 493 871 532 addicta
891 493 959 531 uni
991 494 1116 531 talsae
1146 492 1343 542 opinioni,
1367 491 1469 529 intra
1500 502 1619 540 quam

58 565 283 604 continetur
314 565 484 603 insania.
560 566 635 602 Pro
668 564 842 602 Achaeis
887 564 1062 614 pecudes
1106 563 1238 602 caedit
1276 570 1469 612 tanquam
1500 560 1618 599 viros.

57 638 191 685 Atque
222 643 354 675 manet
385 636 486 673 haec
517 635 668 684 opinio,
686 635 796 683 >dum
829 635 980 673 levetur
1010 634 1138 672 morbi
1171 634 1415 672 accessione.

201 720 344 769 Longe
373 719 486 757 aliter
515 731 596 756 rem
621 718 786 756 instituit
807 717 1030 767 Euripides,
1054 729 1135 755 non
1169 717 1428 767 acquiescens
1450 718 1621 769 simplici

67 790 280 840 Sophoclis
301 789 468 827 ratione.
507 790 654 827 Verum
677 795 748 833 est,
772 789 988 826 Herculem
1005 788 1187 835 consilio,
1211 788 1322 837 quod
1344 788 1457 827 initio
1479 790 1621 828 mentis

59 860 312 900 alienationis
343 860 462 909 cepit,
508 872 705 908 nusquam
743 859 973 907 discedere;
1019 858 1090 896 sed
1122 858 1391 908 quodcunque
1433 859 1515 909 agit
1554 866 1621 898 aut

58 931 214 982 patitur,
261 931 313 969 ad
353 931 614 979 Eurystheum
660 930 777 968 refert
817 929 1055 968 necandum.
1119 930 1172 966 At
1215 928 1255 966 in
1299 941 1349 967 eo
1381 930 1621 980 Euripideae

58 988 238 1040 rationis*
264 1002 464 1052 egregiam
509 1012 703 1050 agnosces
748 1000 944 1045 virtutem,
978 999 1085 1048 quod
1128 999 1169 1037 in
1213 991 1388 1038 Hercule
1428 1013 1502 1050 pro
1541 1013 1622 1039 una
1673 982 1675 985 Α

59 1085 188 1122 eaque
209 1073 371 1111 firmiter
392 1072 514 1110 menti
547 1071 667 1109 infixa
691 1070 883 1120 opinione
915 1070 1045 1120 plures
1071 1070 1263 1119 deinceps
1295 1070 1371 1108 sibi
1403 1071 1622 1110 succedunt

58 1156 187 1183 vanae
219 1143 414 1197 imagines
445 1154 605 1192 prorsus
637 1142 739 1180 inter
772 1154 814 1179 se
847 1141 1040 1186 diversae,
1065 1153 1168 1190 quae
1199 1141 1298 1179 mira
1329 1142 1509 1191 profecto
1530 1154 1621 1180 cum

60 1215 288 1254 mobilitate
319 1221 358 1252 et
391 1213 562 1251 existunt
585 1219 621 1250 et
655 1218 907 1250 evanescunt.
973 1211 1097 1259 Quod
1129 1218 1376 1261 quantopere
1406 1224 1501 1251 vera
1531 1225 1621 1251 cum

59 1286 240 1324 insaniae
271 1285 399 1322 forma
430 1283 643 1321 conveniat
675 1289 713 1320 et
758 1283 810 1320 ad
843 1282 956 1319 huius
1000 1281 1248 1331 potissimum
1281 1282 1422 1321 furoris
1465 1283 1622 1336 generis

59 1356 235 1406 speciem
258 1355 308 1393 sit
330 1354 693 1397 accommodatum,
716 1364 816 1390 unus
839 1365 886 1390 ex
919 1351 1206 1390 recentioribus
1228 1353 1370 1391 mentis
1392 1354 1622 1392 morborum

60 1426 362 1476 indagatoribus
394 1425 512 1462 nobis
553 1430 727 1462 testetur.
792 1424 854 1460 W.
890 1422 1122 1471 Griesinger
1161 1423 1201 1460 in
1246 1423 1360 1468 libro,
1406 1435 1525 1472 quem
1567 1423 1623 1462 in·

60 1481 236 1547 scripsit:
261 1496 362 1534 »Die
384 1495 616 1544 Pathologie
639 1494 721 1532 und
738 1493 939 1542 Therapie
961 1493 1032 1531 der
1053 1493 1316 1542 psychischen
1334 1494 1621 1533 Krankheiten.

62 1564 356 1622 (Braunschwg.
398 1564 524 1620 1871)
570 1578 637 1614 pg.
689 1567 765 1613 287
802 1564 857 1602 ita
899 1563 1055 1602 disserit
1087 1563 1138 1601 de
1170 1564 1312 1601 morbo
1352 1564 1421 1613 qui
1460 1571 1626 1603 vocatur

67 1638 337 1677 »Tobsuchn«
358 1650 367 1676 z

211 1709 290 1746 »So
324 1708 428 1746 stellt
460 1706 543 1744 sich
577 1706 635 1743 als
677 1705 744 1743 die
775 1703 1137 1754 hauptsachlichste
1169 1704 1382 1742 Anomalie
1421 1704 1493 1742 des
1523 1706 1623 1743 Vor-

55 1766 225 1818 'stellens
257 1779 297 1816 in
320 1779 392 1817 der
423 1781 713 1826 ausgepragten
734 1775 944 1813 Tobsucht
974 1775 1065 1813 eine
1085 1774 1403 1813 Verworrenheit
1433 1775 1506 1813 der
1525 1776 1624 1813 Vor-

61 1850 285 1898 stellungen
307 1849 464 1891 heraus,
487 1847 636 1884 welche
668 1846 751 1883 sich
783 1846 840 1883 als
873 1845 1127 1893 notwendige
1148 1845 1273 1895 Folge
1304 1857 1375 1883 aus
1406 1845 1479 1884 der
1498 1838 1623 1884 Uber·

66 1920 199 1970 eilung
232 1920 330 1957 aller
359 1918 546 1967 geistiger
576 1918 792 1960 Processe,
827 1928 896 1953 aus
928 1915 999 1953 der
1030 1915 1359 1964 Unmo'glichkeit
1391 1915 1501 1954 einer
1528 1917 1624 1953 voll-

62 1991 275 2040 standigen
291 1989 546 2037 Ausbildung
567 1988 640 2025 der
655 1987 860 2024 einzelnen
878 1986 1200 2035 Vorstellungen,
1218 1998 1289 2023 aus
1310 1986 1401 2024 dem
1419 1987 1624 2025 schnellen

63 2061 248 2100 Wechsel
281 2060 352 2098 der
383 2059 657 2107 Stimmungen
675 2079 734 2085 —
751 2078 806 2084 —
828 2079 881 2083 ——
898 2056 1063 2104 ergiebt.
1104 2056 1251 2094 Weder
1285 2056 1374 2102 fixe,
1409 2056 1624 2095 bleibende

65 2131 418 2180 Wahnbildungen
463 2129 552 2166 sind
599 2128 736 2166 diesen
778 2127 1005 2164 Zustanden
1046 2126 1177 2175 eigen‚
1219 2126 1324 2164 noch
1368 2124 1539 2164 wer-del?
1567 2126 1624 2165 sie

62 2203 188 2241 durch
232 2202 296 2240 ein
341 2199 732 2242 leidenschaftliches
763 2198 1003 2241 Vorstellen,
1050 2197 1122 2235 das
1167 2193 1239 2254 aus
1281 2196 1373 2235 dem
1416 2197 1623 2246 gesunden

63 2273 202 2311 Leben
233 2272 645 2320 herubergenommen
678 2269 824 2313 wurde,
860 2268 1128 2305 beherrscht.«
1167 2289 1225 2294 --

206 2343 330 2391 Quod
363 2341 553 2379 iudicium
576 2347 830 2388 accepturum
865 2339 984 2376 fuisse
1006 2338 1312 2387 Hippocratem,
1334 2349 1382 2375 ex
1411 2338 1472 2376 his
1493 2338 1625 2376 verbis

63 2413 244 2463 suspicer
276 2413 327 2451 ad
360 2413 530 2449 furorem
564 2410 857 2459 spectantibus:
894 2405 961 2461 (de
992 2409 1135 2446 morbo
1167 2420 1297 2446 sacro,
1320 2407 1347 2458 ξ
1385 2421 1448 2455 14.
1482 2409 1527 2448 L.
1551 2409 1622 2447 VI.

64 2498 129 2534 pg.
165 2485 280 2534 363).
344 2476 513 2535 α’νάγκη
547 2503 601 2508 -
635 2503 691 2507 κ-
722 2478 829 2533 μήτε
862 2476 941 2533 τήν
984 2476 1095 2535 ὄψιν
1127 2478 1375 2535 ἀτρεμίζειν
1405 2474 1515 2532 μήτε
1545 2474 1626 2532 τήν

62 2551 203 2608 οἷκοῆν
234 2552 328 2594 ἀλλ’
361 2548 515 2592 ἄλλοτε
549 2548 671 2592 ἄλλοτ
712 2549 824 2606 ὅρᾷν
863 2555 937 2591 καὶ
979 2547 1167 2599 ἀκούειν,
1213 2544 1294 2603 τήν
1336 2565 1383 2590 τε
1428 2545 1625 2600 γλῶσσαν

65 2627 249 2667 τοιαῦτα
296 2622 597 2674 διαλέγεσθαι,
643 2617 805 2673 οῗαέἇν
847 2620 989 2681 βλέπῃ
1033 2636 1078 2660 τε
1123 2622 1198 2660 καὶ
1219 2615 1369 2680 ’ἀκούῃ
1407 2617 1623 2660 ἑκάστοτε.

66 2697 222 2734 Tamen
254 2692 559 2731 Wilamowitzio
591 2693 703 2740 plura
738 2691 778 2728 in
811 2691 885 2728 hac
915 2690 1142 2727 narratione
1174 2689 1463 2738 vituperatione
1503 2701 1625 2738 quam

66 2766 188 2804 laude
221 2765 344 2814 digna
375 2763 460 2801 visa
491 2769 593 2800 sunt.
643 2762 751 2799 Dicit
782 2762 882 2798 haec
915 2761 973 2797 vir
993 2759 1268 2797 doctissimus:
1301 2755 1372 2812 (cf.
1396 2760 1494 2797 Her.
1526 2765 1623 2798 tom.

69 2836 117 2874 ΙΙ.
151 2848 218 2884 pg.
256 2835 375 2886 224.)
426 2845 492 2871 »es
535 2833 586 2870 ist
616 2832 726 2869 nicht
769 2844 815 2868 zu
851 2830 1080 2875 bestreiten,
1113 2830 1207 2867 dass
1251 2829 1322 2867 der
1356 2828 1522 2867 Dichter
1559 2829 1626 2867 die

67 2904 426 2944 Anschaulichkeit
449 2903 510 2941 bis
541 2915 609 2940 zur
631 2901 852 2940 Kakozelie
884 2901 1087 2950 getrieben
1120 2900 1198 2936 hat.
1255 2899 1331 2936 Die
1363 2898 1510 2936 beiden
1543 2899 1625 2936 Sta-

67 2977 205 3016 tionen
227 2975 299 3014 aus
324 2975 396 3013 der
418 2974 535 3012 Fahrt
557 2973 661 3010 nach
683 2972 883 3021 Mykenae
916 2970 1072 3008 werden
1104 2969 1333 3014 lacherlich,
1359 2969 1488 3006 zumal
1511 2979 1625 3006 wenn
