1884 3230
879 455 1122 529 Vita

355 698 483 738 Natus
515 710 602 736 sum
624 698 882 737 Hei-mannus
905 697 1070 737 Harries
1093 696 1630 747 Stolbergensis-Rhenanus
1661 694 1793 748 pridie

215 771 307 810 Kal.
333 770 516 816 Octobr.,
541 782 649 808 anno
683 769 1012 809 MDCCCLXIX
1045 777 1158 820 patre
1181 768 1374 815 Diterico,
1398 769 1510 808 cuius
1542 775 1794 820 praematura

216 849 345 881 morte
378 841 533 892 abrepti
568 840 803 880 memoriam
837 840 974 880 animo
1006 849 1120 890 grato
1153 848 1192 880 et
1231 841 1300 892 pio
1333 841 1425 879 colo
1457 853 1696 892 semperque
1726 853 1792 880 co·

216 914 310 960 lam,
347 920 474 952 matre
506 913 629 951 Luisa
661 925 683 952 e
726 919 846 964 gente
879 912 1116 952 Grotesend.
1180 912 1295 951 Fidei
1327 912 1510 951 addictus
1556 923 1644 951 sum
1675 923 1793 952 evan·

214 985 382 1036 gelicae.
446 984 684 1023 Litterarum
719 984 930 1023 elementis
963 996 1049 1022 sum
1083 984 1258 1022 imbutus
1291 983 1330 1021 in
1363 983 1573 1034 gymnasio
1607 982 1793 1031 Kiliensi,

216 1056 328 1095 cuius
361 1056 463 1095 inter
493 1062 775 1106 praeceptores
797 1056 1052 1106 Niemeyero,
1087 1055 1284 1105 gymnasii
1317 1062 1411 1093 tunc
1443 1054 1599 1102 rectori,
1622 1055 1793 1102 Cau'ero,

213 1127 405 1178 Jansenio
422 1127 515 1165 viris
539 1127 781 1166 doctissimis
797 1127 945 1178 gratias
969 1140 1046 1178 ago
1065 1127 1270 1167 maximas.
1309 1127 1415 1165 Vere
1437 1126 1533 1164 anni
1550 1127 1792 1167 LXXXVII.

221 1198 460 1238 maturitatis
492 1198 723 1238 testimonio
746 1199 958 1238 instructus
990 1198 1030 1236 in
1054 1198 1226 1238 Kiliensi
1257 1197 1468 1237 academia
1496 1197 1636 1237 studiis
1667 1197 1795 1249 philo-

217 1270 359 1320 logieis
405 1277 443 1309 et
487 1270 686 1309 historicis
731 1283 895 1321 operam
933 1269 1042 1309 dedi.
1105 1271 1199 1309 Post
1244 1269 1325 1308 duo
1370 1269 1576 1309 semestria
1607 1270 1794 1309 Bonnam

218 1354 283 1380 me
324 1341 507 1380 transtuli
539 1341 678 1391 ibique
721 1341 761 1380 in
797 1341 944 1380 scholis
989 1354 1053 1380 me
1085 1341 1308 1380 docuerunt
1347 1341 1517 1387 Usener,
1561 1341 1794 1388 Buecheler,

218 1413 378 1462 Nissen,
398 1413 569 1458 Kekule,
588 1413 805 1459 Luebbert,
824 1413 964 1459 Ritter,
984 1414 1112 1459 Dove,
1131 1413 1301 1452 Bender.
1333 1414 1440 1451 Vere
1457 1412 1552 1451 anni
1568 1413 1795 1452 LXXXIX.

222 1485 372 1523 Kiliam
406 1497 564 1523 reverso
598 1484 958 1523 Forchhammerus
992 1485 1235 1532 Foersterus‚
1271 1483 1447 1522 Blassius
1492 1483 1668 1534 benigne
1698 1482 1795 1523 mihi

220 1562 518 1602 concesserunt,
554 1563 594 1594 ut
615 1554 819 1594 seminarii
854 1554 1089 1606 philologici
1119 1567 1190 1606 per
1221 1562 1410 1605 quattuor
1431 1555 1638 1594 semestria
1668 1566 1797 1594 essem

222 1627 372 1666 sodalis
405 1626 644 1666 ordinarius.
709 1628 919 1666 Praeterea
954 1626 1112 1665 interfui
1144 1626 1496 1665 exercitationibus
1527 1625 1684 1665 Brunsii
1715 1625 1799 1677 phi·

224 1698 425 1747 lologicis,
460 1698 753 1749 philosophicis
788 1698 975 1749 Glogavii
1018 1705 1056 1737 et
1089 1698 1315 1746 Deussenii,
1349 1697 1571 1737 seminariis
1602 1696 1802 1737 historicis

225 1769 404 1808 Schumii
438 1777 479 1809 et
501 1769 680 1808 Busoltii.
736 1769 905 1808 Scholas
939 1769 1072 1808 audivi
1094 1769 1267 1808 virorum
1299 1769 1622 1808 doctissimorum
1643 1767 1800 1815 Blassii,

224 1840 405 1886 Brunsii,
441 1841 609 1889 Caueri,
653 1840 855 1891 Glogavii,
889 1840 1116 1888 Deussenii,
1163 1840 1342 1887 Busoltii,
1386 1839 1575 1880 Schumii.
1639 1836 1800 1890 Quibus

225 1924 317 1950 cum
366 1912 556 1951 omnibus
599 1912 748 1962 gratias
792 1925 928 1962 agam,
974 1919 1056 1950 tum
1101 1912 1141 1950 in
1189 1919 1423 1962 perpetuum
1470 1923 1556 1950 sum
1599 1911 1801 1962 obligatus

232 1983 421 2032 BrunsiQ
456 1983 523 2033 qui
569 1983 704 2022 studia
735 1995 826 2022 mea
869 1983 1149 2022 liberalissime
1180 1996 1338 2034 semper
1368 1982 1597 2022 adiuvabat.
1659 1983 1803 2034 Neque

226 2067 405 2104 unquam
441 2055 537 2093 mihi
572 2055 710 2103 defuit,
744 2067 835 2093 cum
868 2054 947 2093 hoc
980 2055 1216 2105 opusculum
1248 2055 1556 2095 conscriberem.
1591 2076 1646 2082 —
