1884 3230
878 191 1175 228 -34-

243 311 296 349 de
327 322 427 349 voce
458 303 642 364 θολερός
674 321 793 359 supra
825 308 1140 359 exponebantur.
1203 309 1422 348 Transtulit
1453 316 1574 360 poeta
1605 308 1710 347 hanc
1740 319 1807 347 vo·

243 393 344 427 cem,
379 393 482 431 quae
515 380 674 430 proprie
717 386 926 430 usurpatur
969 380 1020 418 de
1065 392 1169 429 aqua
1212 381 1382 426 turbata,
1423 380 1475 419 ad
1517 386 1806 430 tempestatem.

243 464 323 501 qua
355 452 410 498 fit,
446 458 486 489 ut
516 451 694 489 turbetur
726 462 847 489 mare.
913 450 1048 489 Habet
1079 450 1197 501 igitur
1240 451 1318 490 vim
1364 450 1676 497 consecutivam,
1715 462 1805 489 cum

243 522 430 560 attributa
461 521 511 559 sit
543 521 579 560 ei
611 520 872 567 substantivo,
906 533 987 571 quo
1019 534 1141 559 causa
1178 522 1356 561 efficiens
1388 522 1624 561 continetur.
1687 520 1806 560 Com-

242 600 404 642 paratur
436 604 528 630 vero
560 591 663 630 Aiax
695 592 825 630 surore
857 604 1070 642 oppressus
1103 604 1191 630 cum
1226 592 1325 631 mari
1364 593 1490 631 ventis
1531 591 1714 631 excitato.
1752 613 1804 619 —-

387 662 540 701 Eadem
573 661 749 711 denique
781 662 916 712 imago
947 662 1084 700 subest
1114 662 1271 701 duabus
1304 663 1505 713 Euripidis
1536 661 1805 713 metaphoris:

243 734 405 773 Orestes
437 733 568 771 morbi
601 733 834 772 accessione
864 733 1016 772 levatus
1047 733 1148 772 haec
1179 733 1299 772 dicit:

332 805 398 855 (cl.
434 805 504 845 Or.
543 802 661 859 271.)
723 800 769 846 ἓκ
801 800 1008 859 κυμάτων
1039 803 1124 861 γάρ
1155 798 1292 856 αὖθις
1322 797 1380 848 αὖ
1409 800 1561 859 γαλήν’
1595 799 1694 862 δρῶ.

385 875 580 913 Hercules
612 875 664 913 de
696 874 862 925 pristino
894 875 1036 914 mentis
1069 882 1171 914 statu
1193 876 1314 915 dicit:
1347 874 1420 924 (H.
1444 876 1467 914 f.
1494 888 1569 914 vss,
1600 871 1806 925 1091l92)

527 945 584 996 aig
617 944 652 987 δ’
686 944 736 987 ἐν
765 944 953 988 κλύδωνι
985 949 1062 987 καὶ
1093 949 1262 1003 φρενῶν
1293 944 1539 1003 ταράγματι

525 1022 738 1059 πέπτωτα
771 1016 912 1074 δεινῷ.

385 1101 471 1138 Has
503 1100 585 1138 erui
619 1099 814 1150 imagines
847 1113 871 1138 a
902 1101 1003 1139 mari
1036 1101 1235 1151 repetitas,
1269 1101 1371 1140 inter
1401 1114 1500 1151 quas
1531 1109 1639 1141 certe
1669 1113 1803 1141 nume-

240 1171 368 1209 randa
400 1178 458 1209 est
490 1171 559 1209 illa
590 1171 753 1216 locutio,
788 1183 907 1220 quam
941 1171 1163 1210 invenimus
1196 1173 1288 1211 Eur.
1323 1173 1443 1212 Herc.
1476 1185 1534 1213 vs.
1574 1175 1707 1222 1189:

665 1247 914 1299 μαινομένῳ
947 1241 1111 1300 πιτύλῳ
1143 1239 1404 1297 πλάγχθείς.

382 1314 444 1351 De
488 1325 579 1362 qua*
612 1325 740 1363 nuper
783 1313 1046 1352 Wilamowitz
1090 1314 1322 1353 doctissima
1366 1315 1638 1365 disputatione
1680 1316 1804 1355 multa

238 1384 398 1434 egregie
429 1384 590 1434 docuit3
622 1384 721 1422 illud
753 1392 884 1423 autem
918 1397 999 1423 non
1034 1385 1161 1435 potuit
1203 1385 1300 1423 mihi
1344 1387 1583 1435 persuadere
1622 1386 1802 1436 πίτυλος

238 1455 290 1494 de
321 1455 464 1493 insano
497 1462 727 1506 usurpatum
762 1468 848 1494 esse
879 1469 1101 1503 numerum,
1135 1458 1203 1507 qui
1252 1470 1333 1495 non
1376 1464 1435 1496 est
1475 1469 1674 1503 numerus,
1719 1458 1802 1496 sive
1864 1485 1866 1487 -

237 1526 441 1576 proprium
474 1526 654 1565 insaniae
685 1539 906 1566 numerum.
972 1528 1155 1578 Explicat
1187 1529 1292 1566 enim
1332 1529 1386 1567 ita
1427 1529 1532 1566 hanc
1572 1541 1711 1567 vocem
1745 1528 1803 1567 vir

239 1597 514 1637 acutissimus:
551 1594 626 1650 (cs.
669 1605 789 1636 tom.
836 1599 895 1637 II.
939 1611 1015 1648 pg.
1064 1595 1189 1651 202)
1226 1614 1295 1640 »7r.
1330 1599 1379 1637 ist
1410 1599 1475 1637 ein
1515 1606 1802 1649 onomatopoe-

237 1668 384 1706 tisches
417 1669 529 1707 Wort
560 1669 621 1706 fiir
661 1669 734 1707 das
768 1670 988 1708 Klatschen
1029 1669 1138 1720 (man
1180 1677 1267 1719 sagt
1310 1670 1413 1707 wohl
1455 1669 1558 1708 auch
1602 1669 1802 1720 pitschen)

237 1740 310 1778 des
342 1739 513 1785 Ruders,
547 1751 660 1778 wenn
694 1752 736 1778 es
768 1740 828 1778 ins
862 1741 1021 1779 Wasser
1051 1741 1175 1780 saun«

382 1810 490 1848 Hinc
534 1811 736 1860 duplicem
779 1811 919 1861 repetit
963 1812 1278 1861 metaphoricam
1323 1811 1552 1862 notionem;
1597 1820 1718 1862 atque
1747 1811 1801 1851 de

237 1881 372 1931 priore
409 1893 570 1931 prorsus
602 1882 813 1920 consentio
845 1894 934 1920 cum
968 1882 1052 1920 viro
1084 1883 1331 1929 doctissimo,
1364 1884 1488 1922 altera
1528 1896 1635 1930 vero,
1677 1895 1799 1933 quam

237 1958 374 1989 nostro
406 1952 498 1990 loco
531 1951 720 1998 vindicat,
754 1953 861 1991 haud
894 1966 1058 2003 parvam
1080 1953 1177 1991 mihi
1201 1961 1333 1992 movet
1354 1954 1660 1994 dubitationem.
1714 1954 1799 1993 Dis-

236 2022 328 2060 serit
372 2022 478 2061 enim
513 2023 590 2064 ita:
641 2024 748 2062 »Der
792 2024 942 2063 andere
974 2025 1074 2074 Weg
1117 2025 1190 2063 der
1222 2025 1432 2074 Metapher
1473 2025 1568 2074 geht
1607 2036 1686 2063 von
1726 2024 1800 2063 der

235 2093 616 2144 Gleichmassigkeit
647 2094 719 2133 des
751 2095 971 2145 Sehlagens
1004 2108 1087 2142 aus,
1120 2096 1302 2135 dadurch
1342 2096 1437 2134 wird
1482 2095 1657 2145 πίτυλος
1695 2107 1798 2146 ganz

234 2176 322 2203 zum
354 2165 391 2202 T
394 2165 498 2211 akte,
532 2163 740 2218 ῥυθμός.<<

379 2236 499 2274 Hanc
531 2236 739 2275 notionem
772 2245 892 2287 negat
925 2238 1015 2277 Wil.
1050 2251 1139 2276 eum
1172 2246 1310 2277 nostro
1342 2239 1447 2284 loco,
1481 2250 1564 2288 quo
1603 2237 1656 2277 de
1694 2237 1798 2278 imt-

233 2306 301 2345 nia
333 2306 473 2356 agitur,
507 2306 747 2357 discrepare.
801 2308 1080 2348 Ratiocinatur
1102 2310 1181 2348 ita:
1214 2331 1241 2337 -
1309 2310 1410 2349 »Die
1432 2309 1704 2359 Handlungen
1725 2308 1798 2348 des

234 2377 478 2416 Wahnsinns
509 2378 640 2427 gehen
673 2379 775 2418 eben
808 2379 919 2419 nicht
952 2380 1004 2419 im
1037 2381 1180 2427 Takte,
1214 2382 1390 2420 sondern
1422 2392 1464 2419 es
1495 2380 1545 2418 ist
1566 2380 1628 2418 fiir
1646 2379 1705 2419 sie
1724 2379 1797 2418 der

233 2448 531 2498 Widerspruch,
577 2449 644 2488 die
689 2450 971 2490 Disharmonie
1002 2452 1361 2490 charakteristisch.
1426 2452 1551 2490 Darin
1595 2450 1690 2500 liegt
1729 2449 1796 2488 die
1854 2477 1859 2481 -

233 2519 562 2570 Rechtfertigung
606 2520 678 2559 des
710 2521 966 2564 Ausdrucksz
1012 2522 1128 2561 einen
1174 2524 1279 2561 Takt
1323 2524 1389 2561 hat
1433 2522 1533 2560 auch
1574 2521 1647 2560 der
1675 2521 1796 2571 Gang

232 2590 304 2628 des
335 2590 515 2635 Irrsinns,
549 2603 625 2629 nur
664 2592 781 2631 einen
825 2593 1035 2632 diametral
1085 2594 1411 2639 verschiedenen‚
1452 2593 1795 2643 gewissennassen

231 2660 443 2710 negativen
477 2662 739 2711 Rhythmus«

375 2731 493 2780 Quae
524 2732 740 2781 explicatio
771 2734 886 2773 altius
918 2735 1015 2773 mihi
1047 2735 1202 2775 videtur
1234 2735 1399 2785 repetita
1432 2742 1552 2785 atque
1591 2734 1666 2773 hos
1694 2733 1792 2772 dum

231 2801 386 2840 intueor
417 2802 554 2844 locos:

375 2873 497 2913 Herc.
531 2873 603 2912 sur.
640 2876 749 2915 816:

515 2936 583 3008 ἄρ’
616 2947 676 2997 εἰς
706 2944 784 2991 τὸν
814 2944 953 2991 αὐτὸν
983 2947 1163 2993 πίτυλον
1193 2942 1354 3006 ἥκομεν
1383 2945 1533 3008 φόβου.
