1884 3230
1753 0 1769 5 ’
1790 0 1884 105 ’Ἴ

1861 108 1884 161 ’ἶ

877 228 934 235 .-.
997 209 1052 256 4⁶
1115 229 1174 237 ,-

240 331 437 389 χολώδεα
499 330 608 389 μήτε
659 332 987 390 φλεγματώδεα.
1063 349 1169 379 τοισι
1203 344 1497 393 προσπίπτειν
1518 339 1716 395 μούνοισι
1737 333 1809 384 ἆλ-

242 428 298 434 —
329 428 382 434 —<
1063 407 1119 450 λα
1152 419 1286 452 τοῖσιν
1317 406 1490 453 ἅπασιν
1521 411 1677 466 ὁμοίως
1714 433 1762 442 -·

384 489 579 528 Videmus
612 489 731 539 igitur
760 496 955 529 summam
1000 492 1142 531 horum
1174 492 1363 532 librorum
1406 494 1706 534 similitudinem
1739 495 1807 543 ita,

242 569 281 600 ut
314 568 380 599 aut
413 562 464 599 ab
497 561 641 599 eodem
673 562 842 611 scriptus
874 562 923 600 sit
956 569 1122 613 uterque
1154 564 1255 602 liber
1284 571 1351 603 aut
1373 578 1420 604 ex
1452 567 1578 605 altero
1609 567 1708 606 alter
1737 579 1811 606 sua

242 633 293 671 ad
326 633 489 671 verbum
534 632 756 682 sumpserit.
818 634 906 683 Jam
951 647 1046 673 vero
1079 635 1269 682 Galenus,
1304 636 1335 674 si
1381 644 1520 675 auctor
1551 645 1611 676 est
1650 637 1808 685 scholii,

242 706 344 742 hanc
376 704 675 753 similitudinem
708 716 760 743 ne
792 705 1071 745 animadvertit
1105 707 1279 756 quidem.
1345 708 1492 748 Scribit
1523 709 1629 748 enim
1663 708 1808 752 Ἰππο·

241 774 424 829 κράτους
453 770 537 829 γάρ
571 773 688 817 δοκεῖ
717 773 844 818 οὐδὲν
865 772 980 830 ἔχειν
1012 775 1109 820 οὔτε
1139 774 1255 819 κατά
1288 777 1365 820 τὸν
1386 778 1550 836 τρόπον
1580 778 1656 835 τῆς
1686 782 1807 837 ἑρμη-

241 852 361 896 νείας
394 842 494 887 οὔτε
526 844 638 887 κατά
671 845 721 887 τό
755 847 931 903 ἀκριβὲς
965 846 1041 903 τῆς
1063 848 1276 900 διανοίας.
1320 851 1443 901 Igitur
1462 852 1576 890 locos
1614 852 1704 891 illos
1727 863 1809 891 non

240 918 368 968 potuit
399 917 554 967 legisse.
607 917 730 967 Atqui
760 918 870 956 novit
901 927 1009 958 certe
1032 920 1210 959 Galenus
1241 921 1385 960 librum
1418 922 1471 961 de
1504 924 1646 962 morbo
1679 934 1808 970 sacro,

240 995 278 1027 et
301 988 333 1026 si
354 988 544 1026 voluisset
577 988 750 1038 spuriam
773 989 945 1039 probare
966 991 1091 1029 libelli
1123 991 1332 1042 originem,
1357 993 1500 1032 eadem
1534 1001 1655 1044 atque
1676 994 1807 1045 ipsum

243 1059 526 1098 Ermerinsium
559 1059 621 1098 via
653 1060 877 1110 probasset,
903 1073 1020 1111 quem
1054 1062 1200 1101 scimus
1232 1063 1284 1102 de
1315 1064 1457 1114 spuriis
1488 1064 1600 1103 libris
1631 1078 1712 1104 non
1744 1076 1806 1104 so-

240 1131 319 1169 lum
353 1130 544 1169 iudicium
578 1131 680 1170 ferre
711 1132 816 1170 velut
857 1132 909 1171 de
941 1133 1111 1183 tripode,
1158 1134 1227 1173 sed
1262 1135 1485 1174 accuratius
1528 1136 1688 1175 solitum
1720 1147 1810 1176 esse

240 1201 442 1252 inquirere
483 1202 523 1239 in
569 1201 762 1252 originem
797 1215 932 1241 eorum
982 1204 1232 1254 scriptorum.
1276 1218 1381 1255 quae
1425 1206 1725 1246 abiudicaverat
1754 1207 1810 1246 ab

240 1273 502 1323 Hippocrate.
567 1273 688 1311 Cuius
721 1274 775 1311 rei
810 1273 965 1324 insigne
997 1275 1191 1314 habemus
1223 1277 1492 1316 testimonium
1513 1275 1561 1332 ¹).
1614 1279 1677 1318 De
1708 1277 1809 1330 Hip·

241 1344 460 1395 pocratic0,
495 1350 594 1401 περὶ
624 1343 794 1387 οἶδ-ἔνων
825 1338 1074 1402 οὗλομελίης
1105 1347 1208 1385 libro
1241 1348 1296 1386 ita
1328 1349 1485 1387 disserit
1508 1349 1706 1390 Galenus:
1741 1345 1808 1403 (cf.

242 1417 408 1454 Kuehn:
435 1416 584 1453 XVIII.
619 1417 648 1454 Ι.
683 1429 736 1466 pg
785 1416 886 1467 379)
917 1413 996 1472 τήν
1041 1416 1274 1475 ὁλόκληρον
1313 1415 1439 1472 φύσιν
1481 1420 1555 1475 τῆς
1584 1418 1673 1463 τῶν
1712 1419 1809 1462 οἶδέ

242 1503 328 1529 νων
370 1484 533 1540 φύσεως
578 1485 834 1542 οὐλομελίην
865 1490 1042 1544 εἴρηκεν.
1084 1487 1170 1539 (SCl.
1208 1487 1494 1546 Hippocrates)
1527 1485 1582 1546 ἣν
1622 1492 1811 1548 ἑτέρωθι

242 1557 467 1600 διδάσκειν
498 1556 796 1613 ἐπηγγείλατο.
832 1552 884 1601 οὗ
914 1556 1002 1614 μήν
1039 1559 1306 1610 διασώζεταί
1331 1578 1380 1614 γε
1413 1559 1607 1605 τοιοῦτον
1635 1562 1811 1613 βιβλίον

235 1625 554 1686 Ἱπποκράτους
587 1634 686 1686 περὶ
718 1626 891 1673 οἷδὲνων
922 1623 1172 1686 οιῗλομιλίης
1215 1628 1333 1673 α’λλά
1370 1649 1434 1683 τις
1471 1635 1560 1675 τῶν
1591 1638 1812 1691 νεωτίρων

239 1699 553 1757 Ἱπποκράτους
575 1696 745 1758 ἔγραψε
766 1701 924 1758 μικρόν
944 1702 1175 1752 βιβλίδιον,
1198 1699 1469 1761 ἐπιγράψας,
1492 1703 1811 1762 Ἱπποκράτους

241 1777 340 1829 περὶ
374 1764 545 1813 ἆδένων
577 1769 871 1828 οιῗλομελίης«,
906 1770 932 1814 ἷί
955 1773 1038 1815 ’καὶ
1071 1772 1123 1837 τῇ
1162 1774 1274 1823 λέξει
1307 1779 1380 1816 καὶ
1423 1775 1477 1838 τῇ
1508 1774 1686 1834 διανοίᾳ
1729 1774 1810 1818 λεί·

240 1859 374 1884 πεται
408 1841 625 1894 πάμπολυ
658 1846 746 1885 τῶν
776 1851 962 1900 γνησίων
994 1842 1309 1901 Ἱπποκράτους
1341 1845 1702 1903 συγγραμμάτων.

385 1915 534 1963 Quare,
559 1915 632 1952 etsi
665 1927 746 1953 non
771 1915 895 1965 liquet
927 1916 1036 1962 mihi,
1062 1917 1168 1955 unde
1200 1924 1328 1955 ortum
1351 1917 1401 1956 sit
1433 1925 1471 1956 et
1493 1918 1701 1968 quomodo
1731 1918 1810 1957 huc

239 1985 444 2023 devenerit
466 1985 663 2031 scholion,
687 1994 821 2025 tamen
843 1999 928 2025 non
957 1999 1120 2037 possum
1153 1988 1250 2037 quin
1272 1988 1456 2027 diffetear
1477 1988 1561 2027 eius
1583 1989 1808 2029 auctoritati

239 2067 328 2094 cum
363 2056 521 2095 Dietzio
553 2063 590 2095 et
623 2057 785 2097 Littre'O.

402 2127 546 2177 Neque
577 2135 707 2167 autem
742 2129 942 2179 acquievit
972 2130 1171 2170 Ermerius
1200 2130 1240 2168 in
1274 2131 1417 2169 scholii
1449 2131 1701 2178 testimonio,
1734 2133 1807 2173 sed

240 2199 338 2237 alias
370 2199 566 2248 quaesivit
586 2200 752 2238 rationis
785 2201 836 2238 ad
859 2200 1173 2251 impugnandam
1205 2202 1421 2253 genuinam
1454 2202 1578 2241 libelli
1611 2203 1805 2254 originem

239 2270 419 2308 idoneas.

383 2343 515 2391 Atque
557 2341 726 2392 primum
766 2343 952 2394 displicet
995 2343 1079 2382 viro
1111 2344 1346 2383 doctissimo
1386 2346 1544 2386 indoles
1575 2346 1805 2397 sophistica,

240 2425 361 2462 quam
393 2413 695 2462 deprehendere
726 2414 802 2453 sibi
835 2415 941 2453 visus
963 2423 1021 2454 est
1053 2415 1092 2453 in
1126 2428 1174 2454 ea
1194 2416 1283 2454 libri
1315 2425 1440 2467 parte,
1465 2430 1566 2468 quae
1596 2418 1806 2468 estpfimo

240 2483 281 2521 in
304 2484 438 2534 capite
459 2484 553 2522 inde
585 2497 608 2523 a
639 2485 771 2524 verbis
803 2491 943 2527 καίτοι
977 2483 1119 2541 ἔμοιγε
1151 2509 1206 2515 —-
1241 2487 1303 2541 (L.
1337 2489 1408 2527 VI.
1443 2502 1508 2539 pg.
1544 2486 1650 2543 358)
1681 2498 1807 2539 usque

242 2555 292 2592 ad
326 2562 544 2593 extremum
578 2563 697 2606 caput
734 2558 802 2596 1V.
858 2557 1091 2596 Exscribere
1122 2558 1284 2608 expedit
1309 2560 1516 2607 nonnulla,
1538 2571 1643 2609 quae
1673 2559 1806 2611 sophi·

241 2632 341 2663 stam
374 2627 549 2675 produnt
571 2628 834 2666 Ermerinsio:
871 2629 922 2667 de
954 2630 1081 2668 morb.
1116 2642 1231 2668 sacro
1263 2629 1290 2680 ἓ
1324 2631 1353 2670 Ι.
1408 2630 1469 2680 (L.
1504 2630 1575 2670 VI.
1598 2643 1664 2681 pg.
1699 2632 1807 2687 358)

240 2697 407 2745 legimus
438 2697 562 2737 haec:

387 2930 411 2975 ¹)
436 2931 479 2965 cs.
520 2932 703 2966 Broecker:
745 2933 831 2967 »Die
867 2934 1030 2968 Methode
1067 2935 1194 2970 Galens
1230 2936 1263 2970 in
1298 2937 1357 2970 der
1390 2935 1618 2972 ltterarischen
1653 2935 1800 2974 xiima«

242 3001 323 3026 mus.
350 2991 460 3025 Rhen.
487 3000 547 3034 40.
574 3003 632 3036 pg.
660 3001 732 3035 430
1779 3007 1781 3014 ’
