1884 3230
775 203 1072 244 ...37-

429 319 566 376 ἕχοντ’
599 321 735 371 ἐλάας
766 323 816 364 θ’
847 322 1142 382 ὑψιγέννητον
1172 321 1349 373 κλάδον,

429 392 547 447 λήνει
576 400 758 452 μεγίστῳ
790 394 1017 449 σωφρόνως
1046 395 1322 451 ἐστεμμένον,

430 464 583 520 ἀργῆτι
615 466 782 520 μαλλῷ.
817 488 875 494 --
907 488 964 494 -
1000 489 1052 494 --

295 547 433 594 Vides,
467 561 518 587 ne
551 549 758 599 vestigium
793 549 955 598 quidem
988 562 1182 600 apparere
1213 551 1356 590 mentis
1379 551 1558 591 turbatae
1584 552 1625 590 in
1645 552 1708 591 his

143 617 287 656 verbis.
350 619 481 667 Pergit
511 632 631 660 vero:
726 623 731 628 '

142 699 214 739 (vs.
251 691 305 736 46
338 691 470 740 seqq.)
532 689 734 746 πρόσθεν
765 690 812 732 δὲ
846 688 1033 746 τάνδρός
1063 689 1189 734 τοῦδε
1222 691 1484 746 θαυμαστὸς
1517 689 1640 748 λόχος

568 758 680 803 εὕδω
713 764 932 813 γνναικῶν
963 760 1012 803 ἓν
1042 757 1243 818 θρόνοισι
1272 759 1440 817 ἥμενος,
1474 785 1530 791 -
1562 786 1618 792 —
1650 787 1706 794 —

143 832 320 880 sequitur
343 830 530 880 Erinyum
564 832 648 870 visu
671 832 919 870 horribilium
951 832 1180 882 descriptio.
1244 834 1379 882 Atque
1409 834 1511 872 haec
1542 834 1705 884 quidem

145 902 363 941 sacerdotis
395 904 569 941 narratio
601 904 719 941 totius
751 903 940 952 Aeschyli
973 903 1225 941 describendi
1265 903 1443 950 rationis,
1477 917 1597 954 quam
1628 906 1707 945 hac

143 974 182 1011 in
218 974 355 1012 fabula
386 982 543 1012 secutus
570 971 642 1023 est,
666 975 821 1024 insigne
854 975 1033 1024 profecto
1066 974 1196 1012 obfert
1227 975 1466 1024 exemplum.
1521 977 1578 1015 Ut
1599 976 1706 1015 enim

143 1045 295 1095 Pythia,
329 1057 418 1082 cum
453 1046 636 1084 Orestem
679 1058 701 1083 a
740 1045 866 1083 Furiis
899 1044 1089 1094 agitatum
1131 1044 1334 1092 describit,
1380 1045 1550 1095 primum
1591 1047 1704 1097 quasi

143 1128 213 1166 per
243 1129 286 1154 se
315 1123 457 1154 tractat
489 1117 684 1161 Orestem,
719 1116 866 1154 deinde
910 1128 1004 1154 vero
1036 1115 1226 1165 Erinyum
1263 1116 1492 1155 horribilem
1525 1118 1707 1168 depingit

141 1187 331 1237 speciem,
366 1187 420 1225 ita
451 1200 522 1237 per
553 1194 676 1225 totum
711 1188 851 1225 drama
882 1194 1085 1236 separatas
1117 1199 1277 1236 prorsus
1308 1188 1501 1237 nulloque
1531 1188 1634 1227 inter
1662 1202 1706 1228 se

141 1271 264 1297 nexas
286 1258 446 1296 vinculo
468 1259 636 1308 opponit
669 1258 771 1296 inter
798 1270 840 1296 se
874 1265 995 1308 poeta
1017 1257 1169 1296 Orestis
1192 1258 1479 1308 Furiarumque
1499 1271 1702 1309 personas.

142 1329 283 1367 Nullus
314 1329 491 1367 fabulam
524 1329 777 1379 perlustranti
819 1329 990 1367 occurrit
1033 1329 1158 1373 locus,
1205 1340 1285 1378 quo
1329 1338 1461 1368 mente
1506 1330 1701 1369 alienatus

141 1399 322 1438 videatur
354 1401 527 1438 Orestes.
592 1400 672 1438 Sed
704 1413 786 1437 non
818 1400 947 1437 solum
979 1399 1201 1449 potissima,
1235 1400 1358 1438 immo
1390 1406 1473 1439 tota
1504 1402 1703 1442 amentiae

140 1471 357 1521 descriptio
379 1472 549 1509 efficitur
569 1471 775 1509 Furiarum
807 1471 1000 1521 personis.
1054 1471 1174 1509 Nulla
1206 1471 1323 1521 igitur
1343 1471 1474 1510 morbi
1495 1472 1704 1511 cuiusdam

141 1541 291 1580 indicia
322 1542 362 1580 in
394 1542 482 1592 ipso
516 1550 729 1581 cernuntur
751 1545 907 1588 Oreste,
931 1542 1000 1592 qui
1034 1542 1263 1591 ubieunque
1294 1542 1334 1580 in
1363 1554 1525 1581 scenam
1556 1543 1702 1592 prodit,

140 1626 279 1652 sanam
301 1627 461 1663 prorsus
493 1627 588 1664 prae
610 1627 653 1652 se
676 1615 750 1652 sert
772 1621 959 1652 mentem.
1013 1614 1099 1651 Nec
1120 1626 1214 1652 vero
1247 1613 1336 1651 ullis
1358 1613 1552 1652 excitatur
1582 1613 1705 1652 animi

140 1684 254 1723 malis
285 1685 540 1723 conscientiis
572 1693 734 1735 propter
765 1685 898 1723 matris
930 1697 1084 1731 necem,
1107 1684 1258 1734 quippe
1290 1696 1411 1733 quam
1433 1697 1484 1723 ne
1516 1684 1600 1723 iure
1621 1685 1704 1734 qui·

140 1755 231 1794 dem
266 1755 404 1794 ulcisci
434 1756 470 1794 ei
504 1756 711 1795 videantur
741 1756 843 1794 deae
875 1755 1103 1805 punitrices.

283 1827 504 1875 Quaerenti
536 1827 665 1877 igitur,
698 1840 802 1877 quae
833 1827 883 1865 sit
915 1827 1014 1865 ratio
1046 1826 1160 1864 huius
1194 1826 1375 1864 insaniae
1405 1826 1700 1876 descriptionis,

140 1896 197 1934 sic
214 1897 295 1935 fere
317 1897 591 1947 responderim
609 1910 617 1937 :
644 1898 813 1936 secernit
834 1897 1055 1946 Aeschylus
1075 1897 1127 1935 ab
1150 1896 1383 1935 insanientis
1398 1896 1550 1936 Orestis
1571 1903 1704 1936 mente

139 1968 303 2006 affectus
336 1967 529 2014 insaniae,
563 1980 664 2017 quos
705 1968 818 2017 quasi
862 1968 903 2006 in
934 1980 977 2006 se
1017 1967 1169 2017 positos
1201 1967 1391 2017 Erinyum
1423 1967 1604 2017 personis
1646 1980 1702 2007 re-

139 2044 378 2086 praesentat.
443 2038 518 2076 His
550 2035 776 2076 'continetur
797 2038 939 2076 furoris
971 2037 1212 2088 descriptio;
1237 2039 1301 2076 fac
1333 2038 1439 2077 enim
1462 2038 1604 2077 abesse
1634 2051 1701 2077 eas

137 2115 258 2157 atque
301 2108 420 2147 totius
453 2109 604 2147 Orestis
645 2109 824 2147 insaniae
865 2115 1042 2147 remanet
1083 2121 1179 2147 sane
1220 2109 1330 2147 nihil.
1394 2110 1514 2147 Hanc
1557 2115 1702 2159 poetae

138 2179 332 2218 rationem
365 2180 397 2218 si
430 2181 533 2218 bene
565 2181 759 2218 habemus
791 2187 1054 2230 perspectam,
1077 2180 1226 2217 nullam
1259 2186 1393 2218 movet
1423 2179 1699 2226 offensionem,

139 2251 251 2299 quod
298 2251 383 2301 ipse
429 2251 593 2290 Orestes
639 2263 799 2300 prorsus
846 2257 905 2288 est
948 2250 1048 2288 liber
1091 2249 1299 2288 affectibus
1345 2246 1525 2289 insaniae
1570 2250 1701 2289 morbi

138 2321 319 2371 propriis.

277 2394 365 2442 Jam
397 2406 491 2431 vero
533 2393 791 2431 subsistentes
824 2392 999 2442 paullum
1033 2391 1173 2430 iterum
1216 2391 1270 2429 ad
1313 2391 1394 2430 Od.
1440 2391 1622 2430 Muelleri
1662 2397 1702 2431 et

141 2463 363 2502 Hermanni
394 2464 705 2502 controversiam
738 2470 990 2501 revertamur.
1055 2462 1239 2510 Quorum
1283 2461 1404 2499 utrius
1445 2461 1700 2500 discedamus

139 2533 178 2572 in
211 2535 445 2573 sententiam
478 2547 721 2584 quamquam
760 2533 854 2571 satis
885 2540 1035 2571 certum
1079 2532 1196 2570 nobis
1228 2539 1288 2570 est
1333 2544 1356 2570 e
1396 2532 1700 2582 comparatione

138 2617 228 2643 curn
251 2605 487 2643 Prometheo
519 2605 654 2643 fabula
685 2604 873 2648 instituta,
898 2616 1005 2642 nunc
1039 2615 1130 2641 vero
1163 2615 1213 2641 ne
1245 2601 1395 2651 ambigi
1426 2601 1587 2651 quidem
1618 2615 1699 2642 am·

138 2675 242 2725 plius
274 2688 392 2725 posse
415 2676 647 2725 putaverim.
701 2676 856 2724 Nempe
889 2682 1067 2724 apparet,
1090 2673 1123 2712 si
1155 2686 1247 2711 vera
1280 2679 1383 2711 esset
1404 2672 1586 2712 Muelleri
1617 2685 1697 2712 sus-

139 2746 260 2796 picio,
293 2746 520 2785 necessario
552 2759 638 2785 esse
671 2753 988 2789 consecuturum,
1034 2744 1114 2782 alia
1154 2743 1308 2782 ratione
1350 2743 1390 2780 in
1433 2743 1696 2792 Choephoris,

138 2817 217 2855 alia
248 2817 369 2865 longe
410 2817 451 2854 in
483 2817 763 2854 Euminidibus
808 2816 968 2854 easdem
1001 2815 1191 2864 Erinyum
1235 2826 1425 2864 personas
1469 2813 1698 2852 adhibuisse

138 2888 392 2936 Aeschylum.
450 2887 545 2938 vIllic
576 2887 683 2925 enim
715 2899 851 2925 revera
884 2885 1036 2924 Orestis
1079 2898 1191 2923 mens
1222 2890 1459 2934 perterretur
1490 2884 1697 2922 Furiarum

139 2957 227 2995 dira
258 2957 391 3007 specie
420 2964 539 3006 atque
572 2957 626 2995 ita
649 2956 886 2995 describitur
917 2955 1086 3001 insania,
1109 2962 1152 2992 ut
1181 2967 1230 2993 ex
1251 2954 1339 3004 ipso
1362 2953 1514 2993 Orestis
1535 2960 1697 3002 pectore
