1884 3230
911 195 1197 232 ..24-

270 315 415 355 mentis
448 319 572 355 status
604 313 930 364 descriptionem,
963 312 1057 353 satis
1087 312 1221 355 habeo
1251 325 1301 352 eo
1332 312 1540 360 illustrare,
1573 308 1832 367 quodAiq,

271 400 513 438 quamquam
547 386 645 424 nihil
691 386 743 424 de
774 385 912 424 divina
952 384 1131 424 insaniae
1168 383 1323 435 origine
1359 397 1383 424 a
1421 385 1640 424 'recmessa
1677 374 1854 434 dm:

270 463 437 508 poterat,
469 464 603 495 tamen
637 457 741 495 bene
771 462 831 494 est
861 454 1045 494 conscius
1072 455 1209 506 paullo
1240 461 1331 506 post
1362 454 1567 494 Minervae
1597 448 1836 507 calm

272 527 457 567 auctricis
490 523 557 580 (cf.
591 540 667 565 vss.
702 539 783 574 401
820 526 954 577 seqq.)
1699 579 1707 586 ·
1821 509 1826 518 ἢ

415 599 556 648 Longe
575 609 670 637 vero
702 597 816 637 aliter
837 596 1049 648 Euripides
1081 596 1271 636 describit
1293 597 1510 636 Herculem
1541 596 1595 636 ad
1625 595 1836 636 sanitatem

273 669 520 708 redeuntem.
594 669 736 718 Neque
762 668 943 718 negabis,
968 667 1108 706 mirum
1141 667 1183 705 in
1204 667 1368 706 modum
1400 668 1505 707 hanc
1525 666 1837 726 descriptionem

273 751 362 778 cum
396 739 631 789 Kraepelini
663 739 794 778 verbis
826 751 946 789 supra
976 738 1192 787 exsignatis
1223 738 1450 778 concinere.
1800 782 1801 785 Ἴ
1869 762 1884 795 4

414 823 546 871 Atque
567 821 737 872 primum
760 822 801 860 in
823 822 1010 868 Hercule,
1043 821 1156 859 finito
1192 833 1337 872 sopore
1367 821 1488 872 plane
1518 821 1678 862 evanuit
1706 818 1838 862 omnis
1877 805 1884 825 ¹

275 892 534 938 calamitatis,
583 905 684 942 quae
732 892 855 931 modo
900 892 1071 940 accidit,
1117 892 1322 931 memoria.
1401 893 1593 932 Versatur
1635 892 1744 933 enim
1796 891 1839 932 in
1877 879 1884 930 l

275 977 324 1003 ea
355 963 498 1002 mentis
547 963 808 1013 corporisque
840 963 1107 1009 confectione,
1151 970 1193 1001 ut
1223 962 1322 1001 nihil
1364 962 1477 1001 initio
1508 974 1733 1014 agnoscens
1761 973 1840 1004 mu
1882 978 1884 983 ¹

274 1034 444 1079 coelum,
469 1040 623 1080 terram,
647 1034 786 1079 solem,
810 1033 940 1072 statim
963 1033 1108 1072 sentiat
1130 1046 1173 1072 se
1196 1046 1245 1072 ex
1266 1033 1378 1084 gravi
1399 1033 1697 1084 perturbatione
1716 1018 1841 1074 modo

274 1117 317 1144 se
349 1105 585 1154 collegisse.
622 1106 830 1160 Apparent
852 1106 958 1143 enim
981 1105 1022 1143 in
1044 1117 1213 1155 corpore
1236 1104 1379 1151 morbi,
1403 1117 1484 1155 quo
1504 1103 1712 1152 laboravit,
1733 1085 1844 1144 elsa

280 1175 448 1225 vestigia
477 1175 585 1214 velut
617 1173 818 1225 pulmonis
861 1187 1000 1226 graves
1031 1175 1205 1214 necdum
1249 1175 1301 1214 ad
1330 1175 1536 1226 pristinam
1577 1174 1843 1215 constantiam

207 1269 210 1272 «
275 1246 451 1285 revocati
495 1246 704 1285 anhelitus.
767 1246 894 1285 Vides
935 1246 1073 1296 igitur,
1118 1246 1238 1285 etiam
1282 1245 1347 1284 hic
1387 1246 1566 1296 corporis
1609 1236 1843 1325 affectiones

277 1330 426 1367 easque
458 1317 570 1355 huius
602 1316 732 1355 morbi
765 1317 946 1367 proprias
981 1317 1033 1355 ab
1055 1316 1247 1366 Euripide
1279 1317 1465 1363 describi,
1489 1316 1658 1356 omissas
1678 1327 1841 1367 prorsus

277 1401 302 1426 a
343 1388 556 1438 Sophocle.
621 1387 870 1426 Pedetentim
920 1387 1068 1426 deinde
1103 1387 1272 1437 percipit
1308 1387 1516 1434 Hercules,
1553 1399 1658 1438 quae
1693 1386 1843 1427 circum

277 1471 369 1497 eum
402 1459 547 1504 iacent,
581 1470 684 1507 quae
729 1465 863 1496 tamen
895 1464 938 1496 ut
978 1469 1069 1496 vere
1101 1465 1294 1507 agnoscat
1337 1463 1490 1496 tantum
1522 1458 1648 1506 abest,
1679 1463 1724 1496 ut
1752 1464 1844 1498 cun

279 1529 546 1568 admiratione
569 1535 746 1578 quaerat,
772 1541 823 1567 an
857 1529 997 1567 iterum
1019 1529 1060 1566 in
1085 1528 1236 1566 Orcum
1267 1528 1501 1578 pervenerit.
1555 1527 1716 1568 Deinde
1733 1537 1843 1576 vem,

281 1613 371 1638 cum
404 1600 602 1649 desperet,
636 1612 678 1638 se
711 1599 839 1649 ipsum
873 1599 1012 1637 miram
1046 1611 1175 1637 rerum
1207 1598 1490 1637 condicionem
1522 1610 1642 1649 posse
1672 1597 1751 1638 sibi
1780 1609 1843 1639 ex·

279 1670 441 1721 plicare,
487 1677 639 1719 patrem
679 1670 774 1709 adit.
840 1669 921 1718 Qui
962 1677 1175 1720 postquam
1217 1669 1287 1708 diu
1333 1670 1474 1708 frustra
1516 1669 1677 1718 studuit,
1721 1675 1764 1709 ut
1801 1668 1844 1709 in

279 1741 515 1780 memoriam
547 1740 631 1778 filio
661 1740 846 1778 insanum
879 1740 1035 1778 facinus
1079 1740 1286 1790 redigeret,
1321 1746 1445 1778 totam
1476 1739 1653 1790 denique
1682 1739 1846 1786 othni·

279 1818 402 1851 tatem
433 1810 590 1861 roganti
623 1810 706 1849 filio
738 1811 913 1860 exponit.
977 1812 1111 1859 Atque
1151 1810 1255 1848 adeo
1286 1822 1392 1856 non,
1425 1810 1522 1849 dum
1554 1816 1688 1850 narrat
1716 1817 1843 1862 poten.

282 1882 481 1921 memoria
513 1881 699 1919 Herculis
738 1881 965 1927 restituitur,
1006 1888 1048 1919 ut
1080 1881 1144 1919 vix
1186 1881 1326 1920 credat
1368 1881 1421 1920 de
1467 1881 1590 1931 patris
1631 1880 1844 1955 verborum

279 1952 456 1991 veritate.

424 2024 518 2061 Hoc
548 2022 730 2061 diverbio
762 2022 983 2060 clarissime
1016 2023 1171 2061 elucere
1202 2022 1299 2061 mihi
1330 2022 1485 2061 videtur
1513 2021 1659 2062 subtile
1699 2028 1846 2073 poetae

279 2093 454 2133 veritatis
487 2093 672 2131 studium.
741 2092 850 2141 Quin
884 2093 962 2131 hoc
994 2093 1210 2138 contendo,
1252 2105 1334 2131 non
1375 2093 1471 2131 satis
1511 2104 1632 2143 posse
1667 2091 1846 2143 intellegi

280 2165 385 2201 hanc
417 2176 592 2209 scenam,
627 2163 702 2201 nisi
737 2163 805 2200 tali
850 2162 1019 2201 consilio
1064 2174 1177 2200 usum
1221 2174 1309 2201 esse
1353 2162 1584 2213 Euripidem
1627 2162 1843 2206 sumamm-

281 2235 418 2272 Habet
449 2234 555 2272 enim
578 2234 679 2272 haec
708 2234 872 2283 quidem
904 2232 1119 2282 descriptio
1150 2233 1325 2282 aliquam
1356 2233 1631 2280 offensionem,
1659 2244 1752 2277 cum
1771 2233 1845 2272 sci·

242 2291 243 2294 *
282 2311 352 2342 ant
383 2310 628 2354 spectatores
661 2316 801 2342 omnes
833 2304 921 2342 illas
954 2316 1028 2348 res,
1062 2315 1162 2351 quas
1194 2303 1277 2342 filio
1317 2310 1398 2342 tam
1442 2303 1664 2343 minutatim
1708 2304 1846 2348 frusta·

281 2374 431 2423 timque
465 2374 630 2424 exponit
661 2381 797 2424 pater;
834 2385 965 2423 neque
996 2373 1170 2419 mirarer,
1217 2373 1250 2411 si
1289 2374 1353 2412 hic
1394 2374 1626 2414 adnotasset
1657 2373 1844 2419 wilm

281 2445 381 2490 witz,
414 2444 632 2483 excessisse
664 2451 824 2494 poetam
857 2444 1046 2483 terminos
1079 2444 1172 2482 artis
1204 2444 1450 2484 dramaticae
1482 2444 1636 2495 legibus
1678 2444 1845 2486 cirmum-

281 2515 462 2565 scriptos.

424 2585 661 2624 Universam
706 2586 823 2636 igitur
866 2598 956 2624 cum
1002 2585 1159 2624 intueor
1202 2586 1366 2624 insanae
1406 2585 1721 2636 descriptionem>
1758 2595 1844 2629 non

281 2668 444 2705 possum
476 2656 700 2695 concedere
732 2656 1047 2702 Wilamowitzio‚
1083 2656 1232 2706 ingenii
1265 2655 1435 2694 ubertati
1471 2655 1589 2696 nimis
1631 2655 1845 2706 indubium}

282 2725 527 2775 Euripidem,
562 2726 643 2775 qui,
678 2726 710 2763 si
742 2726 936 2775 peccavit,
971 2733 1134 2776 propter
1163 2725 1281 2764 nimis
1313 2733 1538 2765 accuratam
1569 2725 1743 2767 veritati!
1771 2725 1845 2769 ob?

282 2796 549 2834 servationem
582 2797 715 2846 lapsus
747 2803 819 2842 est,
853 2796 908 2834 ita
939 2804 980 2835 ut
1011 2796 1291 2846 descriptionis
1322 2796 1627 2847 singularitates,
1651 2808 1752 2847 quas
1773 2808 1844 2837 no-

282 2866 376 2905 tavit
409 2866 685 2911 Wilamowitz,
719 2878 801 2905 non
833 2874 913 2906 tam
947 2873 1092 2916 poetae
1124 2866 1337 2905 luxurianti
1367 2879 1487 2918 quam
1519 2873 1685 2907 naturae
1714 2865 1845 2921 pen.

283 2936 495 2975 tribuenda
527 2937 745 2976 videantur.
1785 2953 1842 2997 κη
1862 2931 1876 2936 ’
