<?xml version="1.0" encoding="UTF-8"?>
<!DOCTYPE html PUBLIC "-//W3C//DTD XHTML 1.0 Transitional//EN"
    "http://www.w3.org/TR/xhtml1/DTD/xhtml1-transitional.dtd">
<html xmlns="http://www.w3.org/1999/xhtml" xml:lang="en" lang="en">
 <head>
  <title>
</title>
<meta http-equiv="Content-Type" content="text/html;charset=utf-8" />
  <meta name='ocr-system' content='tesseract 3.04.00' />
  <meta name='ocr-capabilities' content='ocr_page ocr_carea ocr_par ocr_line ocrx_word'/>
</head>
<body>
  <div class='ocr_page' id='page_1' title='image "./tragicigraeciqua00harruoft_0048.png"; bbox 0 0 1884 3230; ppageno 0'>
   <div class='ocr_carea' id='block_1_1' title="bbox 827 730 1219 799">
    <p class='ocr_par' dir='ltr' id='par_1_1' title="bbox 827 730 1219 799">
     <span class='ocr_line' id='line_1_1' title="bbox 827 730 1219 799; baseline 0.005 -14"><span class='ocrx_word' id='word_1_1' title='bbox 827 730 1219 799; x_wconf 73' lang='lat' dir='ltr'><strong>Epimetrum.</strong></span> 
     </span>
    </p>
   </div>
   <div class='ocr_carea' id='block_1_2' title="bbox 238 847 1803 1047">
    <p class='ocr_par' dir='ltr' id='par_1_2' title="bbox 238 847 1803 1047">
     <span class='ocr_line' id='line_1_2' title="bbox 383 847 1803 905; baseline 0.005 -15"><span class='ocrx_word' id='word_1_2' title='bbox 383 853 426 890; x_wconf 92' lang='lat' dir='ltr'><strong>In</strong></span> <span class='ocrx_word' id='word_1_3' title='bbox 461 852 740 892; x_wconf 83' lang='lat' dir='ltr'><strong>dissertatione</strong></span> <span class='ocrx_word' id='word_1_4' title='bbox 761 847 863 892; x_wconf 55' lang='lat' dir='ltr'><strong>&#39;cum</strong></span> <span class='ocrx_word' id='word_1_5' title='bbox 886 852 988 892; x_wconf 92' lang='lat' dir='ltr'><strong>alios</strong></span> <span class='ocrx_word' id='word_1_6' title='bbox 1010 853 1133 892; x_wconf 89' lang='lat' dir='ltr'><strong>libros</strong></span> <span class='ocrx_word' id='word_1_7' title='bbox 1157 854 1473 905; x_wconf 87' lang='lat' dir='ltr'><strong>Hippocraticos</strong></span> <span class='ocrx_word' id='word_1_8' title='bbox 1504 862 1586 894; x_wconf 85' lang='lat' dir='ltr'><strong>tum</strong></span> <span class='ocrx_word' id='word_1_9' title='bbox 1617 855 1670 896; x_wconf 84' lang='lat' dir='ltr'><strong>de</strong></span> <span class='ocrx_word' id='word_1_10' title='bbox 1700 869 1803 897; x_wconf 83' lang='lat' dir='ltr'><strong>mor-</strong></span> 
     </span>
     <span class='ocr_line' id='line_1_3' title="bbox 239 922 1802 976; baseline 0.004 -16"><span class='ocrx_word' id='word_1_11' title='bbox 239 922 293 962; x_wconf 91' lang='lat' dir='ltr'><strong>bo</strong></span> <span class='ocrx_word' id='word_1_12' title='bbox 325 935 440 962; x_wconf 87' lang='lat' dir='ltr'><strong>sacro</strong></span> <span class='ocrx_word' id='word_1_13' title='bbox 472 930 682 962; x_wconf 88' lang='lat' dir='ltr'><strong>tractatum</strong></span> <span class='ocrx_word' id='word_1_14' title='bbox 714 924 766 962; x_wconf 90' lang='lat' dir='ltr'><strong>ad</strong></span> <span class='ocrx_word' id='word_1_15' title='bbox 799 923 1012 974; x_wconf 76' lang='lat' dir='ltr'>Euripides</span> <span class='ocrx_word' id='word_1_16' title='bbox 1044 924 1410 975; x_wconf 79' lang='lat' dir='ltr'><strong>interpretationem</strong></span> <span class='ocrx_word' id='word_1_17' title='bbox 1443 925 1622 965; x_wconf 86' lang='lat' dir='ltr'><strong>adhibui.</strong></span> <span class='ocrx_word' id='word_1_18' title='bbox 1675 927 1802 976; x_wconf 82' lang='lat' dir='ltr'><strong>Quod</strong></span> 
     </span>
     <span class='ocr_line' id='line_1_4' title="bbox 238 994 1566 1047; baseline 0.005 -17"><span class='ocrx_word' id='word_1_19' title='bbox 238 1006 307 1031; x_wconf 90' lang='lat' dir='ltr'><strong>cur</strong></span> <span class='ocrx_word' id='word_1_20' title='bbox 339 994 469 1033; x_wconf 86' lang='lat' dir='ltr'><strong>facere</strong></span> <span class='ocrx_word' id='word_1_21' title='bbox 501 1007 583 1032; x_wconf 90' lang='lat' dir='ltr'><strong>non</strong></span> <span class='ocrx_word' id='word_1_22' title='bbox 616 994 895 1040; x_wconf 85' lang='lat' dir='ltr'><strong>dubitaverim,</strong></span> <span class='ocrx_word' id='word_1_23' title='bbox 929 995 1100 1034; x_wconf 91' lang='lat' dir='ltr'><strong>breviter</strong></span> <span class='ocrx_word' id='word_1_24' title='bbox 1130 1008 1332 1047; x_wconf 86' lang='lat' dir='ltr'><strong>exponere</strong></span> <span class='ocrx_word' id='word_1_25' title='bbox 1362 1009 1463 1047; x_wconf 89' lang='lat' dir='ltr'><strong>opus</strong></span> <span class='ocrx_word' id='word_1_26' title='bbox 1495 1003 1566 1037; x_wconf 84' lang='lat' dir='ltr'><strong>est.</strong></span> 
     </span>
    </p>
   </div>
   <div class='ocr_carea' id='block_1_3' title="bbox 236 1077 1803 1411">
    <p class='ocr_par' dir='ltr' id='par_1_3' title="bbox 236 1077 1803 1411">
     <span class='ocr_line' id='line_1_5' title="bbox 381 1077 1803 1132; baseline 0.004 -17"><span class='ocrx_word' id='word_1_27' title='bbox 381 1077 592 1116; x_wconf 83' lang='lat' dir='ltr'><strong>Miraberis</strong></span> <span class='ocrx_word' id='word_1_28' title='bbox 625 1077 730 1116; x_wconf 87' lang='lat' dir='ltr'><strong>enim</strong></span> <span class='ocrx_word' id='word_1_29' title='bbox 760 1078 939 1124; x_wconf 88' lang='lat' dir='ltr'><strong>fortasse,</strong></span> <span class='ocrx_word' id='word_1_30' title='bbox 964 1078 1060 1128; x_wconf 87' lang='lat' dir='ltr'><strong>quid</strong></span> <span class='ocrx_word' id='word_1_31' title='bbox 1092 1080 1254 1118; x_wconf 90' lang='lat' dir='ltr'><strong>tandem</strong></span> <span class='ocrx_word' id='word_1_32' title='bbox 1285 1079 1362 1118; x_wconf 92' lang='lat' dir='ltr'><strong>sibi</strong></span> <span class='ocrx_word' id='word_1_33' title='bbox 1384 1080 1478 1119; x_wconf 86' lang='lat' dir='ltr'><strong>velit</strong></span> <span class='ocrx_word' id='word_1_34' title='bbox 1497 1092 1588 1120; x_wconf 87' lang='lat' dir='ltr'><strong>cum</strong></span> <span class='ocrx_word' id='word_1_35' title='bbox 1611 1080 1803 1132; x_wconf 71' lang='lat' dir='ltr'><strong>Euripide</strong></span> 
     </span>
     <span class='ocr_line' id='line_1_6' title="bbox 237 1148 1801 1203; baseline 0.004 -18"><span class='ocrx_word' id='word_1_36' title='bbox 237 1148 484 1198; x_wconf 86' lang='lat' dir='ltr'><strong>compositus</strong></span> <span class='ocrx_word' id='word_1_37' title='bbox 518 1148 801 1199; x_wconf 85' lang='lat' dir='ltr'><strong>Hippocrates.</strong></span> <span class='ocrx_word' id='word_1_38' title='bbox 866 1150 930 1187; x_wconf 91' lang='lat' dir='ltr'><strong>An</strong></span> <span class='ocrx_word' id='word_1_39' title='bbox 962 1150 1107 1199; x_wconf 86' lang='lat' dir='ltr'><strong>legisse</strong></span> <span class='ocrx_word' id='word_1_40' title='bbox 1138 1157 1272 1200; x_wconf 90' lang='lat' dir='ltr'><strong>putem</strong></span> <span class='ocrx_word' id='word_1_41' title='bbox 1306 1152 1420 1190; x_wconf 85' lang='lat' dir='ltr'><strong>huius</strong></span> <span class='ocrx_word' id='word_1_42' title='bbox 1451 1151 1599 1202; x_wconf 90' lang='lat' dir='ltr'><strong>scripta</strong></span> <span class='ocrx_word' id='word_1_43' title='bbox 1638 1158 1801 1203; x_wconf 80' lang='lat' dir='ltr'><strong>poetam</strong></span> 
     </span>
     <span class='ocr_line' id='line_1_7' title="bbox 237 1221 1802 1272; baseline 0.004 -16"><span class='ocrx_word' id='word_1_44' title='bbox 237 1226 428 1265; x_wconf 89' lang='lat' dir='ltr'><strong>nostrum,</strong></span> <span class='ocrx_word' id='word_1_45' title='bbox 462 1232 544 1258; x_wconf 88' lang='lat' dir='ltr'><strong>non</strong></span> <span class='ocrx_word' id='word_1_46' title='bbox 577 1232 732 1265; x_wconf 79' lang='lat' dir='ltr'><strong>curanS,</strong></span> <span class='ocrx_word' id='word_1_47' title='bbox 767 1227 1015 1272; x_wconf 88' lang='lat' dir='ltr'><strong>quantopere</strong></span> <span class='ocrx_word' id='word_1_48' title='bbox 1047 1221 1232 1260; x_wconf 83' lang='lat' dir='ltr'><strong>differant</strong></span> <span class='ocrx_word' id='word_1_49' title='bbox 1262 1229 1403 1261; x_wconf 90' lang='lat' dir='ltr'><strong>aetate.</strong></span> <span class='ocrx_word' id='word_1_50' title='bbox 1467 1222 1573 1262; x_wconf 86' lang='lat' dir='ltr'><strong>Dein</strong></span> <span class='ocrx_word' id='word_1_51' title='bbox 1617 1222 1802 1262; x_wconf 88' lang='lat' dir='ltr'><strong>monebis</strong></span> 
     </span>
     <span class='ocr_line' id='line_1_8' title="bbox 237 1290 1801 1344; baseline 0.004 -17"><span class='ocrx_word' id='word_1_52' title='bbox 237 1297 356 1335; x_wconf 86' lang='lat' dir='ltr'><strong>certe,</strong></span> <span class='ocrx_word' id='word_1_53' title='bbox 392 1297 519 1328; x_wconf 89' lang='lat' dir='ltr'><strong>utrum</strong></span> <span class='ocrx_word' id='word_1_54' title='bbox 553 1290 716 1340; x_wconf 85' lang='lat' dir='ltr'><strong>genuini</strong></span> <span class='ocrx_word' id='word_1_55' title='bbox 751 1291 840 1337; x_wconf 85' lang='lat' dir='ltr'><strong>sint,</strong></span> <span class='ocrx_word' id='word_1_56' title='bbox 874 1303 1016 1340; x_wconf 87' lang='lat' dir='ltr'><strong>necne,</strong></span> <span class='ocrx_word' id='word_1_57' title='bbox 1060 1304 1162 1342; x_wconf 90' lang='lat' dir='ltr'><strong>quos</strong></span> <span class='ocrx_word' id='word_1_58' title='bbox 1205 1293 1384 1339; x_wconf 89' lang='lat' dir='ltr'><strong>adierim,</strong></span> <span class='ocrx_word' id='word_1_59' title='bbox 1418 1293 1522 1340; x_wconf 85' lang='lat' dir='ltr'><strong>libri,</strong></span> <span class='ocrx_word' id='word_1_60' title='bbox 1567 1306 1705 1344; x_wconf 89' lang='lat' dir='ltr'><strong>parum</strong></span> <span class='ocrx_word' id='word_1_61' title='bbox 1736 1306 1801 1334; x_wconf 88' lang='lat' dir='ltr'><strong>me</strong></span> 
     </span>
     <span class='ocr_line' id='line_1_9' title="bbox 236 1361 468 1411; baseline 0.004 -13"><span class='ocrx_word' id='word_1_62' title='bbox 236 1361 468 1411; x_wconf 85' lang='lat' dir='ltr'><strong>respexisse.</strong></span> 
     </span>
    </p>
   </div>
   <div class='ocr_carea' id='block_1_4' title="bbox 231 1444 1800 1768">
    <p class='ocr_par' dir='ltr' id='par_1_4' title="bbox 231 1444 1800 1768">
     <span class='ocr_line' id='line_1_10' title="bbox 380 1444 1800 1498; baseline 0.004 -16"><span class='ocrx_word' id='word_1_63' title='bbox 380 1444 473 1483; x_wconf 92' lang='lat' dir='ltr'><strong>Scio</strong></span> <span class='ocrx_word' id='word_1_64' title='bbox 506 1445 557 1483; x_wconf 91' lang='lat' dir='ltr'><strong>de</strong></span> <span class='ocrx_word' id='word_1_65' title='bbox 587 1445 762 1495; x_wconf 89' lang='lat' dir='ltr'><strong>genuina</strong></span> <span class='ocrx_word' id='word_1_66' title='bbox 803 1445 1062 1495; x_wconf 88' lang='lat' dir='ltr'><strong>singulorum.</strong></span> <span class='ocrx_word' id='word_1_67' title='bbox 1109 1459 1214 1496; x_wconf 86' lang='lat' dir='ltr'><strong>quae</strong></span> <span class='ocrx_word' id='word_1_68' title='bbox 1246 1447 1509 1498; x_wconf 86' lang='lat' dir='ltr'><strong>Hippocratis</strong></span> <span class='ocrx_word' id='word_1_69' title='bbox 1552 1448 1716 1488; x_wconf 85' lang='lat' dir='ltr'><strong>nomine</strong></span> <span class='ocrx_word' id='word_1_70' title='bbox 1746 1448 1800 1488; x_wconf 84' lang='lat' dir='ltr'><strong>fe·</strong></span> 
     </span>
     <span class='ocr_line' id='line_1_11' title="bbox 235 1515 1799 1566; baseline 0.004 -15"><span class='ocrx_word' id='word_1_71' title='bbox 235 1521 383 1562; x_wconf 87' lang='lat' dir='ltr'><strong>runtur,</strong></span> <span class='ocrx_word' id='word_1_72' title='bbox 426 1515 661 1566; x_wconf 84' lang='lat' dir='ltr'><strong>scriptorum</strong></span> <span class='ocrx_word' id='word_1_73' title='bbox 705 1517 939 1556; x_wconf 88' lang='lat' dir='ltr'><strong>auctoritate</strong></span> <span class='ocrx_word' id='word_1_74' title='bbox 980 1517 1096 1556; x_wconf 87' lang='lat' dir='ltr'><strong>valde</strong></span> <span class='ocrx_word' id='word_1_75' title='bbox 1140 1518 1331 1558; x_wconf 87' lang='lat' dir='ltr'><strong>fluctuare</strong></span> <span class='ocrx_word' id='word_1_76' title='bbox 1378 1519 1549 1558; x_wconf 90' lang='lat' dir='ltr'><strong>virorum</strong></span> <span class='ocrx_word' id='word_1_77' title='bbox 1589 1520 1799 1559; x_wconf 84' lang='lat' dir='ltr'><strong>doctorum</strong></span> 
     </span>
     <span class='ocr_line' id='line_1_12' title="bbox 234 1587 1799 1638; baseline 0.005 -15"><span class='ocrx_word' id='word_1_78' title='bbox 234 1587 464 1633; x_wconf 86' lang='lat' dir='ltr'><strong>sententias,</strong></span> <span class='ocrx_word' id='word_1_79' title='bbox 498 1587 691 1637; x_wconf 87' lang='lat' dir='ltr'><strong>imprimis</strong></span> <span class='ocrx_word' id='word_1_80' title='bbox 724 1601 830 1635; x_wconf 90' lang='lat' dir='ltr'><strong>vero,</strong></span> <span class='ocrx_word' id='word_1_81' title='bbox 864 1601 946 1638; x_wconf 89' lang='lat' dir='ltr'><strong>quo</strong></span> <span class='ocrx_word' id='word_1_82' title='bbox 995 1588 1243 1638; x_wconf 86' lang='lat' dir='ltr'><strong>potissimum</strong></span> <span class='ocrx_word' id='word_1_83' title='bbox 1288 1602 1374 1628; x_wconf 91' lang='lat' dir='ltr'><strong>sum</strong></span> <span class='ocrx_word' id='word_1_84' title='bbox 1415 1603 1521 1636; x_wconf 89' lang='lat' dir='ltr'><strong>usus,</strong></span> <span class='ocrx_word' id='word_1_85' title='bbox 1564 1591 1617 1630; x_wconf 90' lang='lat' dir='ltr'><strong>de</strong></span> <span class='ocrx_word' id='word_1_86' title='bbox 1656 1590 1799 1630; x_wconf 87' lang='lat' dir='ltr'><strong>morbo</strong></span> 
     </span>
     <span class='ocr_line' id='line_1_13' title="bbox 231 1658 1799 1710; baseline 0.005 -15"><span class='ocrx_word' id='word_1_87' title='bbox 231 1669 346 1695; x_wconf 87' lang='lat' dir='ltr'><strong>sacro</strong></span> <span class='ocrx_word' id='word_1_88' title='bbox 379 1658 504 1697; x_wconf 88' lang='lat' dir='ltr'><strong>libelli</strong></span> <span class='ocrx_word' id='word_1_89' title='bbox 528 1659 722 1710; x_wconf 87' lang='lat' dir='ltr'><strong>originem</strong></span> <span class='ocrx_word' id='word_1_90' title='bbox 746 1659 1078 1710; x_wconf 88' lang='lat' dir='ltr'><strong>Hippocraticam</strong></span> <span class='ocrx_word' id='word_1_91' title='bbox 1112 1660 1430 1700; x_wconf 88' lang='lat' dir='ltr'><strong>dubitationibus</strong></span> <span class='ocrx_word' id='word_1_92' title='bbox 1462 1662 1680 1702; x_wconf 84' lang='lat' dir='ltr'><strong>obnoxiam</strong></span> <span class='ocrx_word' id='word_1_93' title='bbox 1711 1674 1799 1702; x_wconf 86' lang='lat' dir='ltr'><strong>esse</strong></span> 
     </span>
     <span class='ocr_line' id='line_1_14' title="bbox 231 1728 536 1768; baseline 0.01 -3"><span class='ocrx_word' id='word_1_94' title='bbox 231 1728 339 1767; x_wconf 86' lang='lat' dir='ltr'><strong>haud</strong></span> <span class='ocrx_word' id='word_1_95' title='bbox 371 1729 536 1768; x_wconf 88' lang='lat' dir='ltr'><strong>levibus.</strong></span> 
     </span>
    </p>
   </div>
   <div class='ocr_carea' id='block_1_5' title="bbox 224 1813 1799 3005">
    <p class='ocr_par' dir='ltr' id='par_1_5' title="bbox 224 1813 1799 3005">
     <span class='ocr_line' id='line_1_15' title="bbox 374 1813 1799 1866; baseline 0.004 -16"><span class='ocrx_word' id='word_1_96' title='bbox 374 1813 495 1851; x_wconf 92' lang='lat' dir='ltr'><strong>Nolui</strong></span> <span class='ocrx_word' id='word_1_97' title='bbox 527 1821 658 1853; x_wconf 90' lang='lat' dir='ltr'><strong>autem</strong></span> <span class='ocrx_word' id='word_1_98' title='bbox 692 1814 797 1852; x_wconf 79' lang='lat' dir='ltr'><strong>hanc</strong></span> <span class='ocrx_word' id='word_1_99' title='bbox 829 1814 881 1853; x_wconf 89' lang='lat' dir='ltr'><strong>de</strong></span> <span class='ocrx_word' id='word_1_100' title='bbox 913 1814 1102 1854; x_wconf 90' lang='lat' dir='ltr'><strong>librorum</strong></span> <span class='ocrx_word' id='word_1_101' title='bbox 1136 1815 1514 1866; x_wconf 89' lang='lat' dir='ltr'><strong>Hippocraticorum</strong></span> <span class='ocrx_word' id='word_1_102' title='bbox 1563 1816 1799 1856; x_wconf 79' lang='lat' dir='ltr'><strong>auctoritate</strong></span> 
     </span>
     <span class='ocr_line' id='line_1_16' title="bbox 233 1883 1798 1938; baseline 0.004 -17"><span class='ocrx_word' id='word_1_103' title='bbox 233 1883 509 1932; x_wconf 86' lang='lat' dir='ltr'><strong>quaestionem</strong></span> <span class='ocrx_word' id='word_1_104' title='bbox 543 1898 651 1923; x_wconf 90' lang='lat' dir='ltr'><strong>nunc</strong></span> <span class='ocrx_word' id='word_1_105' title='bbox 684 1897 856 1923; x_wconf 80' lang='lat' dir='ltr'><strong>movere.</strong></span> <span class='ocrx_word' id='word_1_106' title='bbox 921 1886 1074 1924; x_wconf 89' lang='lat' dir='ltr'><strong>Nimias</strong></span> <span class='ocrx_word' id='word_1_107' title='bbox 1107 1886 1213 1925; x_wconf 89' lang='lat' dir='ltr'><strong>enim</strong></span> <span class='ocrx_word' id='word_1_108' title='bbox 1245 1887 1367 1926; x_wconf 88' lang='lat' dir='ltr'><strong>habet</strong></span> <span class='ocrx_word' id='word_1_109' title='bbox 1388 1887 1654 1935; x_wconf 83' lang='lat' dir='ltr'><strong>difficultates,</strong></span> <span class='ocrx_word' id='word_1_110' title='bbox 1676 1899 1798 1938; x_wconf 86' lang='lat' dir='ltr'><strong>quam</strong></span> 
     </span>
     <span class='ocr_line' id='line_1_17' title="bbox 231 1955 1798 2009; baseline 0.004 -17"><span class='ocrx_word' id='word_1_111' title='bbox 231 1966 334 2003; x_wconf 88' lang='lat' dir='ltr'><strong>quae</strong></span> <span class='ocrx_word' id='word_1_112' title='bbox 367 1955 606 1994; x_wconf 76' lang='lat' dir='ltr'><strong>sustineatur</strong></span> <span class='ocrx_word' id='word_1_113' title='bbox 637 1969 661 1994; x_wconf 92' lang='lat' dir='ltr'><strong>a</strong></span> <span class='ocrx_word' id='word_1_114' title='bbox 693 1956 834 2002; x_wconf 87' lang='lat' dir='ltr'><strong>trione,</strong></span> <span class='ocrx_word' id='word_1_115' title='bbox 868 1968 943 1995; x_wconf 90' lang='lat' dir='ltr'><strong>nec</strong></span> <span class='ocrx_word' id='word_1_116' title='bbox 974 1957 1140 1996; x_wconf 89' lang='lat' dir='ltr'><strong>omnino</strong></span> <span class='ocrx_word' id='word_1_117' title='bbox 1173 1958 1226 1996; x_wconf 92' lang='lat' dir='ltr'><strong>ad</strong></span> <span class='ocrx_word' id='word_1_118' title='bbox 1269 1965 1419 1997; x_wconf 90' lang='lat' dir='ltr'><strong>certum</strong></span> <span class='ocrx_word' id='word_1_119' title='bbox 1460 1966 1591 2008; x_wconf 90' lang='lat' dir='ltr'><strong>potest</strong></span> <span class='ocrx_word' id='word_1_120' title='bbox 1632 1958 1798 2009; x_wconf 85' lang='lat' dir='ltr'><strong>perduci</strong></span> 
     </span>
     <span class='ocr_line' id='line_1_18' title="bbox 231 2025 1798 2080; baseline 0.004 -17"><span class='ocrx_word' id='word_1_121' title='bbox 231 2025 363 2073; x_wconf 86' lang='lat' dir='ltr'><strong>finem,</strong></span> <span class='ocrx_word' id='word_1_122' title='bbox 399 2028 589 2076; x_wconf 86' lang='lat' dir='ltr'><strong>quoniam</strong></span> <span class='ocrx_word' id='word_1_123' title='bbox 621 2027 765 2074; x_wconf 89' lang='lat' dir='ltr'><strong>studia,</strong></span> <span class='ocrx_word' id='word_1_124' title='bbox 790 2041 894 2077; x_wconf 87' lang='lat' dir='ltr'><strong>quae</strong></span> <span class='ocrx_word' id='word_1_125' title='bbox 917 2028 955 2066; x_wconf 91' lang='lat' dir='ltr'><strong>in</strong></span> <span class='ocrx_word' id='word_1_126' title='bbox 979 2028 1238 2078; x_wconf 88' lang='lat' dir='ltr'><strong>Hippocratis</strong></span> <span class='ocrx_word' id='word_1_127' title='bbox 1260 2037 1466 2068; x_wconf 87' lang='lat' dir='ltr'><strong>versantur</strong></span> <span class='ocrx_word' id='word_1_128' title='bbox 1486 2042 1658 2080; x_wconf 83' lang='lat' dir='ltr'><strong>persona</strong></span> <span class='ocrx_word' id='word_1_129' title='bbox 1677 2029 1798 2080; x_wconf 83' lang='lat' dir='ltr'><strong>scrip-</strong></span> 
     </span>
     <span class='ocr_line' id='line_1_19' title="bbox 233 2095 1799 2145; baseline 0.004 -12"><span class='ocrx_word' id='word_1_130' title='bbox 233 2095 376 2145; x_wconf 83' lang='lat' dir='ltr'><strong>tisque,</strong></span> <span class='ocrx_word' id='word_1_131' title='bbox 411 2097 567 2137; x_wconf 89' lang='lat' dir='ltr'><strong>idoneis</strong></span> <span class='ocrx_word' id='word_1_132' title='bbox 600 2099 732 2138; x_wconf 84' lang='lat' dir='ltr'><strong>adhuc</strong></span> <span class='ocrx_word' id='word_1_133' title='bbox 764 2106 899 2137; x_wconf 84' lang='lat' dir='ltr'><strong>carent</strong></span> <span class='ocrx_word' id='word_1_134' title='bbox 933 2099 1216 2140; x_wconf 82' lang='lat' dir='ltr'><strong>fundamentis,</strong></span> <span class='ocrx_word' id='word_1_135' title='bbox 1282 2101 1428 2140; x_wconf 89' lang='lat' dir='ltr'><strong>Nostra</strong></span> <span class='ocrx_word' id='word_1_136' title='bbox 1449 2113 1542 2140; x_wconf 89' lang='lat' dir='ltr'><strong>vero</strong></span> <span class='ocrx_word' id='word_1_137' title='bbox 1564 2113 1615 2140; x_wconf 90' lang='lat' dir='ltr'><strong>ne</strong></span> <span class='ocrx_word' id='word_1_138' title='bbox 1636 2100 1799 2140; x_wconf 66' lang='lat' dir='ltr'><strong>interoet</strong></span> 
     </span>
     <span class='ocr_line' id='line_1_20' title="bbox 234 2166 1799 2221; baseline 0.004 -17"><span class='ocrx_word' id='word_1_139' title='bbox 234 2166 396 2216; x_wconf 86' lang='lat' dir='ltr'><strong>quidem</strong></span> <span class='ocrx_word' id='word_1_140' title='bbox 430 2168 560 2214; x_wconf 85' lang='lat' dir='ltr'><strong>nimis,</strong></span> <span class='ocrx_word' id='word_1_141' title='bbox 594 2177 722 2207; x_wconf 84' lang='lat' dir='ltr'><strong>utrum</strong></span> <span class='ocrx_word' id='word_1_142' title='bbox 755 2169 840 2219; x_wconf 82' lang='lat' dir='ltr'><strong>ipse</strong></span> <span class='ocrx_word' id='word_1_143' title='bbox 872 2170 1151 2220; x_wconf 89' lang='lat' dir='ltr'><strong>conscripserit</strong></span> <span class='ocrx_word' id='word_1_144' title='bbox 1185 2171 1454 2221; x_wconf 89' lang='lat' dir='ltr'><strong>Hippocrates</strong></span> <span class='ocrx_word' id='word_1_145' title='bbox 1482 2171 1606 2211; x_wconf 88' lang='lat' dir='ltr'><strong>libros</strong></span> <span class='ocrx_word' id='word_1_146' title='bbox 1649 2183 1701 2211; x_wconf 81' lang='lat' dir='ltr'><strong>an</strong></span> <span class='ocrx_word' id='word_1_147' title='bbox 1731 2183 1799 2211; x_wconf 86' lang='lat' dir='ltr'><strong>eo·</strong></span> 
     </span>
     <span class='ocr_line' id='line_1_21' title="bbox 230 2239 1796 2290; baseline 0.003 -14"><span class='ocrx_word' id='word_1_148' title='bbox 230 2250 315 2275; x_wconf 88' lang='lat' dir='ltr'><strong>rum</strong></span> <span class='ocrx_word' id='word_1_149' title='bbox 364 2239 534 2289; x_wconf 87' lang='lat' dir='ltr'><strong>aliquis,</strong></span> <span class='ocrx_word' id='word_1_150' title='bbox 579 2240 648 2289; x_wconf 85' lang='lat' dir='ltr'><strong>qui</strong></span> <span class='ocrx_word' id='word_1_151' title='bbox 695 2241 746 2278; x_wconf 89' lang='lat' dir='ltr'><strong>al)</strong></span> <span class='ocrx_word' id='word_1_152' title='bbox 795 2240 864 2278; x_wconf 91' lang='lat' dir='ltr'><strong>illo</strong></span> <span class='ocrx_word' id='word_1_153' title='bbox 906 2241 1072 2290; x_wconf 87' lang='lat' dir='ltr'><strong>profecti</strong></span> <span class='ocrx_word' id='word_1_154' title='bbox 1113 2249 1215 2279; x_wconf 91' lang='lat' dir='ltr'><strong>sunt.</strong></span> <span class='ocrx_word' id='word_1_155' title='bbox 1297 2243 1387 2280; x_wconf 87' lang='lat' dir='ltr'><strong>Hoc</strong></span> <span class='ocrx_word' id='word_1_156' title='bbox 1431 2242 1538 2280; x_wconf 88' lang='lat' dir='ltr'><strong>enirn</strong></span> <span class='ocrx_word' id='word_1_157' title='bbox 1578 2241 1796 2289; x_wconf 85' lang='lat' dir='ltr'><strong>contendo,</strong></span> 
     </span>
     <span class='ocr_line' id='line_1_22' title="bbox 229 2311 1797 2361; baseline 0.004 -15"><span class='ocrx_word' id='word_1_158' title='bbox 229 2321 333 2357; x_wconf 81' lang='lat' dir='ltr'><strong>quae</strong></span> <span class='ocrx_word' id='word_1_159' title='bbox 378 2311 521 2349; x_wconf 88' lang='lat' dir='ltr'><strong>fuerint</strong></span> <span class='ocrx_word' id='word_1_160' title='bbox 555 2311 756 2361; x_wconf 81' lang='lat' dir='ltr'><strong>Euripidis</strong></span> <span class='ocrx_word' id='word_1_161' title='bbox 800 2319 929 2350; x_wconf 78' lang='lat' dir='ltr'><strong>aetate</strong></span> <span class='ocrx_word' id='word_1_162' title='bbox 977 2312 1222 2350; x_wconf 87' lang='lat' dir='ltr'><strong>medicorum</strong></span> <span class='ocrx_word' id='word_1_163' title='bbox 1269 2314 1514 2351; x_wconf 82' lang='lat' dir='ltr'><strong>Graecorum</strong></span> <span class='ocrx_word' id='word_1_164' title='bbox 1557 2313 1610 2352; x_wconf 88' lang='lat' dir='ltr'><strong>de</strong></span> <span class='ocrx_word' id='word_1_165' title='bbox 1653 2313 1797 2352; x_wconf 87' lang='lat' dir='ltr'><strong>mentis</strong></span> 
     </span>
     <span class='ocr_line' id='line_1_23' title="bbox 228 2380 1796 2434; baseline 0.004 -17"><span class='ocrx_word' id='word_1_166' title='bbox 228 2380 378 2419; x_wconf 85' lang='lat' dir='ltr'><strong>morbis</strong></span> <span class='ocrx_word' id='word_1_167' title='bbox 411 2382 643 2428; x_wconf 86' lang='lat' dir='ltr'><strong>sententiae,</strong></span> <span class='ocrx_word' id='word_1_168' title='bbox 678 2382 828 2432; x_wconf 90' lang='lat' dir='ltr'><strong>optime</strong></span> <span class='ocrx_word' id='word_1_169' title='bbox 860 2395 934 2420; x_wconf 90' lang='lat' dir='ltr'><strong>nos</strong></span> <span class='ocrx_word' id='word_1_170' title='bbox 967 2382 1120 2421; x_wconf 87' lang='lat' dir='ltr'><strong>discere</strong></span> <span class='ocrx_word' id='word_1_171' title='bbox 1153 2395 1198 2421; x_wconf 78' lang='lat' dir='ltr'><strong>cx</strong></span> <span class='ocrx_word' id='word_1_172' title='bbox 1239 2383 1349 2421; x_wconf 87' lang='lat' dir='ltr'><strong>libris</strong></span> <span class='ocrx_word' id='word_1_173' title='bbox 1383 2383 1683 2434; x_wconf 86' lang='lat' dir='ltr'><strong>Hippocraticis</strong></span> <span class='ocrx_word' id='word_1_174' title='bbox 1713 2395 1796 2423; x_wconf 89' lang='lat' dir='ltr'><strong>non</strong></span> 
     </span>
     <span class='ocr_line' id='line_1_24' title="bbox 230 2451 1798 2504; baseline 0.003 -15"><span class='ocrx_word' id='word_1_175' title='bbox 230 2451 359 2489; x_wconf 88' lang='lat' dir='ltr'><strong>solum</strong></span> <span class='ocrx_word' id='word_1_176' title='bbox 392 2453 576 2502; x_wconf 86' lang='lat' dir='ltr'><strong>genuinis</strong></span> <span class='ocrx_word' id='word_1_177' title='bbox 608 2453 679 2491; x_wconf 85' lang='lat' dir='ltr'><strong>sed</strong></span> <span class='ocrx_word' id='word_1_178' title='bbox 713 2453 831 2491; x_wconf 84' lang='lat' dir='ltr'><strong>ctiam</strong></span> <span class='ocrx_word' id='word_1_179' title='bbox 865 2453 1019 2503; x_wconf 79' lang='lat' dir='ltr'><strong>spuriis,</strong></span> <span class='ocrx_word' id='word_1_180' title='bbox 1056 2453 1206 2504; x_wconf 80' lang='lat' dir='ltr'><strong>quippe</strong></span> <span class='ocrx_word' id='word_1_181' title='bbox 1247 2453 1314 2503; x_wconf 87' lang='lat' dir='ltr'><strong>qui</strong></span> <span class='ocrx_word' id='word_1_182' title='bbox 1346 2454 1378 2491; x_wconf 79' lang='lat' dir='ltr'><strong>si</strong></span> <span class='ocrx_word' id='word_1_183' title='bbox 1411 2467 1492 2492; x_wconf 89' lang='lat' dir='ltr'><strong>non</strong></span> <span class='ocrx_word' id='word_1_184' title='bbox 1534 2455 1670 2500; x_wconf 85' lang='lat' dir='ltr'><strong>verba,</strong></span> <span class='ocrx_word' id='word_1_185' title='bbox 1702 2454 1798 2495; x_wconf 84' lang='lat' dir='ltr'><strong>doc·</strong></span> 
     </span>
     <span class='ocr_line' id='line_1_25' title="bbox 227 2522 1794 2575; baseline 0.004 -15"><span class='ocrx_word' id='word_1_186' title='bbox 227 2522 370 2560; x_wconf 86' lang='lat' dir='ltr'><strong>trinam</strong></span> <span class='ocrx_word' id='word_1_187' title='bbox 403 2524 542 2562; x_wconf 86' lang='lat' dir='ltr'><strong>saltem</strong></span> <span class='ocrx_word' id='word_1_188' title='bbox 577 2524 694 2562; x_wconf 89' lang='lat' dir='ltr'><strong>nobis</strong></span> <span class='ocrx_word' id='word_1_189' title='bbox 737 2524 894 2562; x_wconf 84' lang='lat' dir='ltr'><strong>tradant</strong></span> <span class='ocrx_word' id='word_1_190' title='bbox 940 2524 1063 2574; x_wconf 84' lang='lat' dir='ltr'><strong>ipsius</strong></span> <span class='ocrx_word' id='word_1_191' title='bbox 1098 2524 1368 2575; x_wconf 85' lang='lat' dir='ltr'><strong>Hippocratis.</strong></span> <span class='ocrx_word' id='word_1_192' title='bbox 1434 2526 1643 2565; x_wconf 87' lang='lat' dir='ltr'><strong>Genuinos</strong></span> <span class='ocrx_word' id='word_1_193' title='bbox 1686 2535 1794 2568; x_wconf 70' lang='lat' dir='ltr'><strong>veron</strong></span> 
     </span>
     <span class='ocr_line' id='line_1_26' title="bbox 226 2594 1783 2647; baseline 0.005 -17"><span class='ocrx_word' id='word_1_194' title='bbox 226 2606 326 2642; x_wconf 84' lang='lat' dir='ltr'><strong>quos</strong></span> <span class='ocrx_word' id='word_1_195' title='bbox 360 2594 538 2640; x_wconf 88' lang='lat' dir='ltr'><strong>adhibui,</strong></span> <span class='ocrx_word' id='word_1_196' title='bbox 572 2608 666 2632; x_wconf 91' lang='lat' dir='ltr'><strong>num</strong></span> <span class='ocrx_word' id='word_1_197' title='bbox 699 2595 835 2645; x_wconf 89' lang='lat' dir='ltr'><strong>legerit</strong></span> <span class='ocrx_word' id='word_1_198' title='bbox 868 2595 952 2645; x_wconf 90' lang='lat' dir='ltr'><strong>ipse</strong></span> <span class='ocrx_word' id='word_1_199' title='bbox 985 2595 1207 2646; x_wconf 80' lang='lat' dir='ltr'><strong>Euripides,</strong></span> <span class='ocrx_word' id='word_1_200' title='bbox 1241 2597 1337 2635; x_wconf 90' lang='lat' dir='ltr'><strong>nolo</strong></span> <span class='ocrx_word' id='word_1_201' title='bbox 1380 2597 1614 2647; x_wconf 82' lang='lat' dir='ltr'><strong>disceptare.</strong></span> <span class='ocrx_word' id='word_1_202' title='bbox 1677 2597 1783 2638; x_wconf 79' lang='lat' dir='ltr'><strong>Nam</strong></span> 
     </span>
     <span class='ocr_line' id='line_1_27' title="bbox 227 2663 1796 2718; baseline 0.004 -17"><span class='ocrx_word' id='word_1_203' title='bbox 227 2663 323 2702; x_wconf 85' lang='lat' dir='ltr'><strong>false</strong></span> <span class='ocrx_word' id='word_1_204' title='bbox 356 2665 545 2709; x_wconf 82' lang='lat' dir='ltr'><strong>iudicant,</strong></span> <span class='ocrx_word' id='word_1_205' title='bbox 580 2666 646 2715; x_wconf 86' lang='lat' dir='ltr'><strong>qui</strong></span> <span class='ocrx_word' id='word_1_206' title='bbox 680 2678 768 2704; x_wconf 89' lang='lat' dir='ltr'><strong>eum</strong></span> <span class='ocrx_word' id='word_1_207' title='bbox 801 2666 1026 2704; x_wconf 76' lang='lat' dir='ltr'><strong>existiment</strong></span> <span class='ocrx_word' id='word_1_208' title='bbox 1059 2666 1179 2705; x_wconf 86' lang='lat' dir='ltr'><strong>fuisse</strong></span> <span class='ocrx_word' id='word_1_209' title='bbox 1215 2666 1516 2717; x_wconf 86' lang='lat' dir='ltr'><strong>Hippocratem,</strong></span> <span class='ocrx_word' id='word_1_210' title='bbox 1550 2680 1575 2706; x_wconf 89' lang='lat' dir='ltr'><strong>a</strong></span> <span class='ocrx_word' id='word_1_211' title='bbox 1606 2679 1689 2718; x_wconf 87' lang='lat' dir='ltr'><strong>quo</strong></span> <span class='ocrx_word' id='word_1_212' title='bbox 1710 2675 1796 2708; x_wconf 64' lang='lat' dir='ltr'><strong>tau*</strong></span> 
     </span>
     <span class='ocr_line' id='line_1_28' title="bbox 227 2737 1797 2789; baseline 0.003 -16"><span class='ocrx_word' id='word_1_213' title='bbox 227 2747 348 2784; x_wconf 86' lang='lat' dir='ltr'><strong>quam</strong></span> <span class='ocrx_word' id='word_1_214' title='bbox 376 2749 399 2774; x_wconf 89' lang='lat' dir='ltr'><strong>a</strong></span> <span class='ocrx_word' id='word_1_215' title='bbox 422 2744 535 2785; x_wconf 88' lang='lat' dir='ltr'><strong>patre</strong></span> <span class='ocrx_word' id='word_1_216' title='bbox 557 2750 603 2775; x_wconf 90' lang='lat' dir='ltr'><strong>ea</strong></span> <span class='ocrx_word' id='word_1_217' title='bbox 627 2737 774 2783; x_wconf 89' lang='lat' dir='ltr'><strong>omnia,</strong></span> <span class='ocrx_word' id='word_1_218' title='bbox 800 2750 904 2786; x_wconf 83' lang='lat' dir='ltr'><strong>quae</strong></span> <span class='ocrx_word' id='word_1_219' title='bbox 927 2737 1016 2775; x_wconf 87' lang='lat' dir='ltr'><strong>libri</strong></span> <span class='ocrx_word' id='word_1_220' title='bbox 1051 2737 1326 2788; x_wconf 89' lang='lat' dir='ltr'><strong>Hippocratici</strong></span> <span class='ocrx_word' id='word_1_221' title='bbox 1349 2738 1595 2785; x_wconf 86' lang='lat' dir='ltr'><strong>contineant,</strong></span> <span class='ocrx_word' id='word_1_222' title='bbox 1617 2739 1797 2789; x_wconf 70' lang='lat' dir='ltr'><strong>profecta</strong></span> 
     </span>
     <span class='ocr_line' id='line_1_29' title="bbox 226 2806 1794 2859; baseline 0.004 -16"><span class='ocrx_word' id='word_1_223' title='bbox 226 2806 386 2844; x_wconf 88' lang='lat' dir='ltr'><strong>demum</strong></span> <span class='ocrx_word' id='word_1_224' title='bbox 431 2815 469 2845; x_wconf 88' lang='lat' dir='ltr'><strong>et</strong></span> <span class='ocrx_word' id='word_1_225' title='bbox 511 2807 670 2845; x_wconf 87' lang='lat' dir='ltr'><strong>inventa</strong></span> <span class='ocrx_word' id='word_1_226' title='bbox 713 2808 802 2846; x_wconf 83' lang='lat' dir='ltr'><strong>sint.</strong></span> <span class='ocrx_word' id='word_1_227' title='bbox 868 2808 1064 2857; x_wconf 85' lang='lat' dir='ltr'><strong>Equidem</strong></span> <span class='ocrx_word' id='word_1_228' title='bbox 1106 2808 1158 2847; x_wconf 85' lang='lat' dir='ltr'><strong>ad</strong></span> <span class='ocrx_word' id='word_1_229' title='bbox 1201 2808 1391 2847; x_wconf 82' lang='lat' dir='ltr'><strong>Littre&#39;um</strong></span> <span class='ocrx_word' id='word_1_230' title='bbox 1437 2821 1627 2859; x_wconf 87' lang='lat' dir='ltr'><strong>provoco,</strong></span> <span class='ocrx_word' id='word_1_231' title='bbox 1667 2808 1794 2849; x_wconf 83' lang='lat' dir='ltr'><strong>virum</strong></span> 
     </span>
     <span class='ocr_line' id='line_1_30' title="bbox 226 2876 1795 2931; baseline 0.002 -16"><span class='ocrx_word' id='word_1_232' title='bbox 226 2877 516 2921; x_wconf 82' lang='lat' dir='ltr'><strong>doctissimum.</strong></span> <span class='ocrx_word' id='word_1_233' title='bbox 551 2878 602 2916; x_wconf 92' lang='lat' dir='ltr'><strong>de</strong></span> <span class='ocrx_word' id='word_1_234' title='bbox 628 2878 878 2927; x_wconf 86' lang='lat' dir='ltr'><strong>Hippocrate</strong></span> <span class='ocrx_word' id='word_1_235' title='bbox 910 2878 962 2916; x_wconf 87' lang='lat' dir='ltr'><strong>ita</strong></span> <span class='ocrx_word' id='word_1_236' title='bbox 996 2878 1260 2917; x_wconf 90' lang='lat' dir='ltr'><strong>iudicantem:</strong></span> <span class='ocrx_word' id='word_1_237' title='bbox 1294 2876 1364 2929; x_wconf 83' lang='lat' dir='ltr'><strong>(ct.</strong></span> <span class='ocrx_word' id='word_1_238' title='bbox 1400 2880 1445 2918; x_wconf 90' lang='lat' dir='ltr'><strong>L.</strong></span> <span class='ocrx_word' id='word_1_239' title='bbox 1480 2880 1511 2918; x_wconf 92' lang='lat'><strong>1.</strong></span> <span class='ocrx_word' id='word_1_240' title='bbox 1545 2892 1610 2931; x_wconf 84' lang='lat' dir='ltr'><strong>pg.</strong></span> <span class='ocrx_word' id='word_1_241' title='bbox 1649 2876 1795 2931; x_wconf 80' lang='lat' dir='ltr'><strong>24l25)</strong></span> 
     </span>
     <span class='ocr_line' id='line_1_31' title="bbox 224 2949 1795 3005; baseline 0.003 -20"><span class='ocrx_word' id='word_1_242' title='bbox 224 2969 275 2975; x_wconf 90' lang='lat'>—</span> <span class='ocrx_word' id='word_1_243' title='bbox 320 2971 369 2975; x_wconf 96' lang='lat'><strong>--</strong></span> <span class='ocrx_word' id='word_1_244' title='bbox 409 2961 481 2986; x_wconf 85' lang='lat' dir='ltr'><strong>son</strong></span> <span class='ocrx_word' id='word_1_245' title='bbox 517 2949 655 2988; x_wconf 75' lang='lat' dir='ltr'><strong>merite</strong></span> <span class='ocrx_word' id='word_1_246' title='bbox 687 2950 787 2988; x_wconf 86' lang='lat' dir='ltr'><strong>dans</strong></span> <span class='ocrx_word' id='word_1_247' title='bbox 818 2950 855 2988; x_wconf 86' lang='lat' dir='ltr'><strong>la</strong></span> <span class='ocrx_word' id='word_1_248' title='bbox 889 2950 1059 2993; x_wconf 75' lang='lat' dir='ltr'><strong>scie-nce.</strong></span> <span class='ocrx_word' id='word_1_249' title='bbox 1094 2951 1130 2988; x_wconf 89' lang='lat' dir='ltr'><strong>la</strong></span> <span class='ocrx_word' id='word_1_250' title='bbox 1163 2949 1294 2988; x_wconf 72' lang='lat' dir='ltr'><strong>raison</strong></span> <span class='ocrx_word' id='word_1_251' title='bbox 1327 2950 1380 2989; x_wconf 90' lang='lat' dir='ltr'><strong>du</strong></span> <span class='ocrx_word' id='word_1_252' title='bbox 1426 2951 1520 2989; x_wconf 87' lang='lat' dir='ltr'><strong>haut</strong></span> <span class='ocrx_word' id='word_1_253' title='bbox 1551 2962 1664 3005; x_wconf 76' lang='lat' dir='ltr'><strong>tang,</strong></span> <span class='ocrx_word' id='word_1_254' title='bbox 1695 2950 1795 3001; x_wconf 83' lang='lat' dir='ltr'><strong>qu’il</strong></span> 
     </span>
    </p>
   </div>
  </div>
 </body>
</html>
