1884 3230
777 216 1076 253 ..47-

295 340 377 378 mc
404 352 468 377 τοι
506 331 651 389 ι”μοιγι
697 331 750 374 ον’
782 339 881 391 περὶ
927 331 1142 390 εὖσεβείης
1174 333 1394 377 δοκέουσιν
1435 331 1536 385 τοῦς
1563 333 1717 387 λόγους

154 410 407 455 ποιέεσθαι,
451 405 508 452 οἷς
540 408 720 452 οἴονται,
763 401 877 447 ἀλλά
918 411 1015 462 περὶ
1059 405 1304 460 δυσσεβείης
1335 403 1505 460 μᾶλλον
1542 412 1613 448 καὶ
1659 407 1716 457 οἷς

153 481 191 520 οἱ
223 481 326 520 θεοῖ
358 470 436 519 mix
474 479 595 521 dclv,
630 473 680 518 τό
712 493 759 517 τε
790 476 964 526 εὐσεβὲς
995 482 1070 518 καὶ
1101 479 1232 518 θεῖον
1270 475 1420 519 αὐτῶν
1452 475 1609 527 doz-,82²5
1640 484 1714 520 καῖ

151 545 331 591 ἄνᾶσιόν
362 546 466 595 ἔστι,
500 544 557 597 οἷς
593 546 676 600 ἐγώ
710 546 887 596 διδάξω.
951 549 1008 587 Εἰ
1046 545 1131 602 γάρ
1163 546 1345 603 σελήνην
1375 564 1422 589 τε
1452 551 1716 605 καθαιρέειν

153 625 228 662 καὶ
268 616 393 674 ἥλιον
432 616 663 671 ἀφανίζειν
706 624 778 658 καὶ
823 616 1018 671 χειμῶνά
1051 633 1095 659 τε
1144 624 1218 659 καὶ
1250 618 1402 670 εὖόίην
1446 625 1611 661 ποιέειν
1642 626 1714 662 καὶ

152 688 339 746 ὄμβρους
369 695 443 730 καῖ
474 682 664 742 αὗχμοῦς
694 694 766 729 καὶ
798 684 1039 730 θάλασσαν
1059 685 1224 741 ἄφορον
1257 694 1331 730 καὶ
1363 690 1444 744 γῆν
1466 695 1540 731 καὶ
1571 689 1712 733 τᾶλλα

152 758 208 803 ταὶ
255 758 565 815 τοιουτότροπα
614 755 765 802 πάντα
808 758 1103 813 ὑποδέχονται
1144 758 1431 802 ἐπίστασθαι.
1467 760 1714 812 δυσσεβὲειν

154 831 296 887 {poure
330 831 523 873 ὁοκίουσι
554 837 628 872 καὶ
659 829 793 879 θεοὺς
824 828 923 872 οὔτε
954 829 1068 872 εἶναι
1089 831 1282 883 νομίζειν
1312 830 1388 873 οὔτ
1407 828 1575 882 ’ἐόντας
1605 829 1714 884 ἰσχύ-

152 920 218 946 ειν
248 895 374 946 οὐδὲν
405 898 501 944 οὔτε
532 904 756 957 εἴργεσθαι
792 899 849 942 ἄν
880 900 1056 951 οὐδενὸς
1100 904 1185 943 τῶν
1217 900 1423 953 ἐσχάτων,
1457 897 1521 945 οἷν
1552 910 1712 946 ποιέον-

150 990 219 1023 τες
251 975 344 1024 πῶς
374 972 427 1014 οιῗ
473 972 607 1014 duro?
655 973 852 1014 αὐτοῖσίν
883 974 1012 1021 dmm
1059 974 1100 1013 εἰ
1127 970 1211 1028 γάρ
1243 967 1482 1029 ἅνθρωπος
1512 971 1714 1028 μαγεύων

152 1061 198 1087 τε
229 1051 304 1087 καὶ
337 1041 461 1087 θύων
494 1067 548 1073 ——-
592 1066 639 1072 -
667 1041 801 1098 ἥλνον
831 1042 1023 1098 ἄφανιεῐ.
1060 1042 1135 1085 οὐκ
1169 1040 1228 1084 ἄν
1259 1040 1395 1095 ἔγωγέ
1420 1059 1460 1085 τι
1491 1048 1619 1086 θεῖον
1650 1061 1714 1087 νο-

150 1122 326 1170 μίσαιμι
358 1111 519 1157 τούτων
550 1114 665 1156 εἶναι
698 1113 791 1155 ἀλλ’
833 1112 1136 1170 ἀνθρώπινον,
1177 1115 1217 1154 n’
1245 1109 1296 1168 δή
1329 1115 1407 1156 τοῦ
1428 1117 1556 1157 θείου
1587 1112 1612 1170 ἦ
1645 1112 1712 1158 ὄπ’»-

152 1202 281 1239 ναμις
311 1181 397 1228 ῧπό
431 1181 676 1241 ἄνθρώπου
705 1183 878 1239 γνώμης
909 1190 1138 1241 κρατίεται
1171 1190 1244 1225 καὶ
1276 1184 1553 1227 δεδούλωται.
1578 1210 1631 1214 -
1656 1210 1712 1217 q

294 1259 437 1295 Fateor
458 1257 588 1295 inesse
610 1257 649 1294 in
672 1256 732 1294 his
754 1256 884 1294 verbis
906 1256 1100 1294 rationem
1123 1255 1395 1305 sophisticam.
1431 1256 1556 1304 Quod
1578 1265 1711 1296 tamen

150 1328 250 1367 nihil
271 1329 377 1366 valet
407 1328 461 1365 ad
483 1327 732 1377 probandam
765 1327 938 1376 spuriam
972 1326 1096 1364 libelli
1129 1326 1337 1375 originem.
1390 1327 1492 1365 Nam
1525 1328 1711 1377 equidem

151 1399 321 1438 eandam
354 1398 601 1448 deprehendi
644 1397 948 1453 argumentandi
982 1397 1174 1435 rationem
1218 1397 1259 1434 in
1302 1397 1392 1435 libri
1435 1410 1527 1436 vere
1558 1399 1713 1448 Hippo-

151 1469 287 1515 cratei‚
321 1469 390 1519 qui
421 1470 473 1507 de
505 1481 611 1514 aere,
645 1469 772 1518 aquis,
796 1468 895 1506 locis
927 1468 1165 1515 inscribitur,
1191 1480 1238 1506 ea
1271 1475 1396 1518 parte,
1427 1482 1504 1518 qua
1537 1470 1588 1508 de
1621 1470 1712 1519 Scy-

151 1541 306 1579 tharum
329 1541 472 1578 morbo
505 1540 694 1589 quodam,
721 1552 840 1588 quem
873 1539 925 1577 ad
953 1539 1052 1577 deos
1085 1539 1141 1576 illi
1174 1540 1410 1585 referebant,
1434 1540 1591 1578 disserit
1614 1540 1712 1590 Hip-

150 1618 348 1661 pocrateS.
401 1611 540 1649 Statim
562 1610 668 1648 enirn
700 1611 801 1648 haec
822 1610 863 1647 in
895 1610 1034 1647 oculos
1056 1610 1165 1647 cadit
1196 1609 1427 1655 similitudo,
1450 1611 1559 1660 quod
1591 1611 1711 1648 etiam

150 1682 228 1720 hoc
259 1682 351 1719 loco
382 1681 603 1719 rationibus
635 1681 802 1718 refutare
824 1680 955 1718 studet
986 1686 1123 1717 auctor
1154 1680 1294 1717 falsam
1327 1681 1379 1718 de
1401 1681 1525 1718 divini
1557 1682 1712 1719 morbo-

152 1765 236 1790 rum
259 1753 512 1801 quorundam
537 1751 691 1800 origine
714 1751 820 1800 vulgi
843 1751 1088 1800 opinionem.
1154 1752 1238 1788 Has
1260 1763 1354 1789 vero
1380 1752 1554 1790 rationes
1586 1753 1712 1802 magis

151 1823 296 1872 dignas
337 1835 424 1861 esse
459 1823 707 1872 Hippocrate
751 1835 872 1871 quam
905 1822 1006 1867 illas,
1055 1834 1153 1870 quas
1197 1821 1287 1859 libri
1319 1822 1370 1860 de
1413 1823 1556 1860 morbo
1597 1836 1712 1861 sacro

151 1901 291 1932 auctor
332 1894 504 1943 profert,
545 1893 610 1930 vix
654 1893 905 1931 contenderit
952 1892 1177 1942 quisquam.
1242 1893 1351 1940 Quid
1397 1893 1513 1943 igitur
1556 1894 1713 1932 disserit

152 1965 423 2015 Hippocrates
457 1972 597 2002 contra
629 1964 807 2012 Scythas,
842 1963 910 2012 qui
942 1964 1125 2001 morbum
1159 1964 1361 2012 quendam
1394 1964 1581 2003 divinitus
1613 1965 1712 2003 mitti

151 2035 351 2074 statuant?
384 2035 522 2074 Obicit
553 2035 621 2084 (cf.
668 2036 714 2072 L.
750 2035 801 2073 II.
834 2047 928 2084 pgg.
965 2033 1130 2084 79l80.)
1158 2035 1300 2072 mirum
1331 2047 1431 2082 esse,
1470 2048 1540 2073 cur
1571 2036 1712 2074 divites

151 2107 232 2144 sere
253 2106 329 2144 soli
350 2106 390 2144 in
412 2106 519 2143 hunc
540 2105 721 2143 incidant
743 2105 937 2148 morbum,
962 2104 1112 2154 quippe
1133 2105 1202 2153 qui
1225 2111 1386 2155 propter
1407 2106 1565 2144 divitias
1587 2108 1711 2145 multo

151 2177 311 2226 saepius
342 2177 567 2214 sacrificent
614 2176 691 2214 diis
732 2188 852 2225 quam
895 2187 1102 2225 pauperes.
1166 2177 1273 2224 Ergo
1314 2176 1480 2214 deorum
1521 2189 1608 2215 esse
1651 2178 1711 2215 his

151 2247 306 2286 mittere
348 2248 525 2293 morbos,
571 2259 734 2297 parcere
777 2259 871 2285 vero
915 2247 1116 2292 divitibus,
1162 2247 1305 2295 quibus
1345 2247 1492 2296 gratias
1535 2248 1712 2286 debeant

152 2318 318 2356 reddere
350 2330 422 2367 pro
454 2318 575 2355 sacris
607 2318 919 2366 honoribusque,
953 2329 1057 2365 quae
1087 2317 1139 2354 ab
1171 2317 1247 2354 illis
1278 2318 1517 2366 acceperint.

293 2401 433 2449 Itaque
454 2413 503 2438 ex
526 2412 573 2438 ea
594 2399 824 2449 disputandi
848 2400 1012 2443 ratione,
1036 2411 1140 2448 quae
1171 2399 1211 2436 in
1244 2407 1412 2448 utroque
1445 2400 1548 2439 libro
1570 2402 1710 2440 eadem

151 2471 360 2516 invenitur,
399 2470 452 2508 de
484 2478 652 2519 utroque
696 2471 862 2508 sortasse
895 2469 1031 2507 licebit
1072 2469 1386 2517 conclusionem,
1420 2471 1551 2510 facere
1594 2473 1709 2519 libro,

151 2554 233 2579 non
265 2541 318 2580 de
350 2541 474 2580 altero
506 2548 674 2591 excepto
707 2541 849 2591 priore.

293 2611 452 2650 Deinde
482 2612 698 2662 genuinum
729 2624 811 2650 non
843 2624 930 2651 esse
953 2611 1129 2650 libellum
1168 2606 1305 2653 »κατά
1337 2609 1417 2667 τήν
1449 2614 1704 2669 {mammam

151 2682 323 2733 probare
356 2683 487 2721 studet
516 2683 575 2721 vir
605 2683 858 2722 doctissimus
897 2685 1053 2732 »Ipsa«,
1087 2683 1228 2732 inquit,
1267 2685 1418 2722 »oratio
1451 2685 1711 2734 Hippocratis

151 2765 252 2803 opus
282 2765 364 2791 non
406 2765 493 2792 esse
525 2754 708 2799 ostendit,
758 2754 854 2803 quin
899 2754 1118 2792 certissima
1163 2754 1436 2803 putidissimae
1479 2755 1711 2794 imitationis

151 2819 330 2862 locorum
374 2824 736 2874 Hippocrateorum
783 2837 805 2863 e
851 2824 952 2862 libro
1000 2825 1051 2863 de
1091 2837 1207 2870 aere,
1254 2825 1392 2874 aquis,
1438 2826 1538 2863 locis
1582 2827 1712 2865 obsert

151 2894 334 2944 exempla
355 2908 372 2928 (ι

294 2964 468 3005 Primum
500 2965 617 3017 igitur
638 2978 717 3018 qua
747 2966 902 3007 ratione
923 2966 1185 3007 imitationem
1218 2968 1360 3020 probet
1382 2967 1582 3008 Ermerins
1603 2968 1710 3009 vide-
