<?xml version="1.0" encoding="UTF-8"?>
<!DOCTYPE html PUBLIC "-//W3C//DTD XHTML 1.0 Transitional//EN"
    "http://www.w3.org/TR/xhtml1/DTD/xhtml1-transitional.dtd">
<html xmlns="http://www.w3.org/1999/xhtml" xml:lang="en" lang="en">
 <head>
  <title>
</title>
<meta http-equiv="Content-Type" content="text/html;charset=utf-8" />
  <meta name='ocr-system' content='tesseract 3.04.00' />
  <meta name='ocr-capabilities' content='ocr_page ocr_carea ocr_par ocr_line ocrx_word'/>
</head>
<body>
  <div class='ocr_page' id='page_1' title='image "./tragicigraeciqua00harruoft_0008.png"; bbox 0 0 1916 3250; ppageno 0'>
   <div class='ocr_carea' id='block_1_1' title="bbox 927 176 1187 200">
    <p class='ocr_par' dir='ltr' id='par_1_1' title="bbox 927 176 1187 200">
     <span class='ocr_line' id='line_1_1' title="bbox 927 176 1187 200; baseline 0 -9"><span class='ocrx_word' id='word_1_1' title='bbox 927 186 982 191; x_wconf 80' lang='lat'>—</span> <span class='ocrx_word' id='word_1_2' title='bbox 1050 176 1068 200; x_wconf 88' lang='lat'>2</span> <span class='ocrx_word' id='word_1_3' title='bbox 1139 185 1187 191; x_wconf 64' lang='lat'>‚—</span> 
     </span>
    </p>
   </div>
   <div class='ocr_carea' id='block_1_2' title="bbox 273 285 1632 493">
    <p class='ocr_par' dir='ltr' id='par_1_2' title="bbox 273 285 1632 493">
     <span class='ocr_line' id='line_1_2' title="bbox 417 285 1632 355; baseline -0.006 -19"><span class='ocrx_word' id='word_1_4' title='bbox 417 300 490 336; x_wconf 80' lang='grc' dir='ltr'>καὶ</span> <span class='ocrx_word' id='word_1_5' title='bbox 524 292 631 351; x_wconf 74' lang='grc' dir='ltr'><em>πρὸς</em></span> <span class='ocrx_word' id='word_1_6' title='bbox 664 299 707 334; x_wconf 82' lang='grc' dir='ltr'>τί</span> <span class='ocrx_word' id='word_1_7' title='bbox 735 291 1012 345; x_wconf 70' lang='grc' dir='ltr'><em>δυσλόγιστον</em></span> <span class='ocrx_word' id='word_1_8' title='bbox 1045 285 1118 333; x_wconf 63' lang='grc' dir='ltr'>οἶδ’</span> <span class='ocrx_word' id='word_1_9' title='bbox 1150 285 1252 355; x_wconf 60' lang='grc' dir='ltr'>ᾖξεν</span> <span class='ocrx_word' id='word_1_10' title='bbox 1284 296 1415 347; x_wconf 69' lang='grc' dir='ltr'><strong><em>χέρα;</em></strong></span> <span class='ocrx_word' id='word_1_11' title='bbox 1449 291 1521 340; x_wconf 88' lang='lat' dir='ltr'>(vs.</span> <span class='ocrx_word' id='word_1_12' title='bbox 1556 288 1632 339; x_wconf 63' lang='grc' dir='ltr'>4ο)</span> 
     </span>
     <span class='ocr_line' id='line_1_3' title="bbox 273 349 1446 405; baseline -0.003 -2"><span class='ocrx_word' id='word_1_13' title='bbox 273 380 435 405; x_wconf 83' lang='lat' dir='ltr'>causam</span> <span class='ocrx_word' id='word_1_14' title='bbox 470 366 566 404; x_wconf 82' lang='lat' dir='ltr'>dicit</span> <span class='ocrx_word' id='word_1_15' title='bbox 598 366 724 403; x_wconf 88' lang='lat' dir='ltr'>hanc:</span> <span class='ocrx_word' id='word_1_16' title='bbox 1440 349 1446 356; x_wconf 55' lang='lat'><em>⁰</em></span> 
     </span>
     <span class='ocr_line' id='line_1_4' title="bbox 415 431 1385 493; baseline -0.006 -15"><span class='ocrx_word' id='word_1_17' title='bbox 415 435 527 493; x_wconf 79' lang='grc' dir='ltr'><em>χόλῳ</em></span> <span class='ocrx_word' id='word_1_18' title='bbox 559 437 803 492; x_wconf 67' lang='grc' dir='ltr'><strong><em>βαρυνθεῖς</em></strong></span> <span class='ocrx_word' id='word_1_19' title='bbox 835 437 922 476; x_wconf 74' lang='grc' dir='ltr'>τῶν</span> <span class='ocrx_word' id='word_1_20' title='bbox 952 434 1194 488; x_wconf 68' lang='grc' dir='ltr'><strong><em>Ἀχιλλείων</em></strong></span> <span class='ocrx_word' id='word_1_21' title='bbox 1225 431 1385 475; x_wconf 67' lang='grc' dir='ltr'><em>ὅπλων.</em></span> 
     </span>
    </p>
   </div>
   <div class='ocr_carea' id='block_1_3' title="bbox 418 503 1860 563">
    <p class='ocr_par' dir='ltr' id='par_1_3' title="bbox 418 503 1913 563">
     <span class='ocr_line' id='line_1_5' title="bbox 418 503 1860 563; baseline -0.001 -18"><span class='ocrx_word' id='word_1_22' title='bbox 418 508 547 545; x_wconf 84' lang='lat' dir='ltr'>Etiam</span> <span class='ocrx_word' id='word_1_23' title='bbox 591 506 862 545; x_wconf 87' lang='lat' dir='ltr'>vehementius</span> <span class='ocrx_word' id='word_1_24' title='bbox 908 505 1064 545; x_wconf 88' lang='lat' dir='ltr'>miranti</span> <span class='ocrx_word' id='word_1_25' title='bbox 1099 505 1262 555; x_wconf 86' lang='lat' dir='ltr'>exponit</span> <span class='ocrx_word' id='word_1_26' title='bbox 1306 505 1455 543; x_wconf 87' lang='lat' dir='ltr'>deinde</span> <span class='ocrx_word' id='word_1_27' title='bbox 1496 505 1584 550; x_wconf 79' lang='lat' dir='ltr'>(lea,</span> <span class='ocrx_word' id='word_1_28' title='bbox 1631 503 1860 563; x_wconf 65' lang='lat' dir='ltr'>consilium,⁴</span> 
     </span>
    </p>
   </div>
   <div class='ocr_carea' id='block_1_4' title="bbox 272 574 1855 1551">
    <p class='ocr_par' dir='ltr' id='par_1_4' title="bbox 272 574 1844 1551">
     <span class='ocr_line' id='line_1_6' title="bbox 274 574 1842 629; baseline -0.001 -13"><span class='ocrx_word' id='word_1_29' title='bbox 274 579 427 629; x_wconf 77' lang='lat' dir='ltr'><strong>cepisse</strong></span> <span class='ocrx_word' id='word_1_30' title='bbox 461 579 570 616; x_wconf 90' lang='lat' dir='ltr'>illum</span> <span class='ocrx_word' id='word_1_31' title='bbox 605 578 774 626; x_wconf 85' lang='lat' dir='ltr'>Argivos</span> <span class='ocrx_word' id='word_1_32' title='bbox 817 577 1044 615; x_wconf 90' lang='lat' dir='ltr'>trucidandi</span> <span class='ocrx_word' id='word_1_33' title='bbox 1090 577 1263 625; x_wconf 89' lang='lat' dir='ltr'>iamque,</span> <span class='ocrx_word' id='word_1_34' title='bbox 1298 584 1338 614; x_wconf 90' lang='lat' dir='ltr'>ut</span> <span class='ocrx_word' id='word_1_35' title='bbox 1371 576 1545 614; x_wconf 86' lang='lat' dir='ltr'>efficeret</span> <span class='ocrx_word' id='word_1_36' title='bbox 1578 574 1842 625; x_wconf 83' lang='lat' dir='ltr'>propositum,</span> 
     </span>
     <span class='ocr_line' id='line_1_7' title="bbox 274 645 1844 700; baseline -0.001 -13"><span class='ocrx_word' id='word_1_37' title='bbox 274 650 453 700; x_wconf 78' lang='lat' dir='ltr'>proxime</span> <span class='ocrx_word' id='word_1_38' title='bbox 486 663 508 687; x_wconf 87' lang='lat' dir='ltr'>a</span> <span class='ocrx_word' id='word_1_39' title='bbox 542 649 766 699; x_wconf 73' lang='lat' dir='ltr'>principum</span> <span class='ocrx_word' id='word_1_40' title='bbox 811 648 982 686; x_wconf 91' lang='lat' dir='ltr'>tentorio</span> <span class='ocrx_word' id='word_1_41' title='bbox 1025 648 1182 694; x_wconf 78' lang='lat' dir='ltr'>afuisse,</span> <span class='ocrx_word' id='word_1_42' title='bbox 1216 660 1304 685; x_wconf 88' lang='lat' dir='ltr'>cum</span> <span class='ocrx_word' id='word_1_43' title='bbox 1339 648 1427 697; x_wconf 87' lang='lat' dir='ltr'>ipsa</span> <span class='ocrx_word' id='word_1_44' title='bbox 1458 646 1570 684; x_wconf 88' lang='lat' dir='ltr'>vanis</span> <span class='ocrx_word' id='word_1_45' title='bbox 1602 645 1844 696; x_wconf 80' lang='lat' dir='ltr'>imaginibus</span> 
     </span>
     <span class='ocr_line' id='line_1_8' title="bbox 272 717 1842 770; baseline -0.001 -11"><span class='ocrx_word' id='word_1_46' title='bbox 272 722 484 770; x_wconf 90' lang='lat' dir='ltr'>deceptum</span> <span class='ocrx_word' id='word_1_47' title='bbox 536 721 587 758; x_wconf 84' lang='lat' dir='ltr'>ad</span> <span class='ocrx_word' id='word_1_48' title='bbox 636 727 905 758; x_wconf 80' lang='lat' dir='ltr'>armentorum</span> <span class='ocrx_word' id='word_1_49' title='bbox 949 720 1117 758; x_wconf 87' lang='lat' dir='ltr'>caedem</span> <span class='ocrx_word' id='word_1_50' title='bbox 1168 718 1333 757; x_wconf 91' lang='lat' dir='ltr'>Aiacem</span> <span class='ocrx_word' id='word_1_51' title='bbox 1388 718 1610 756; x_wconf 86' lang='lat' dir='ltr'>adduxerit.</span> <span class='ocrx_word' id='word_1_52' title='bbox 1684 717 1842 765; x_wconf 83' lang='lat' dir='ltr'>Narrat,</span> 
     </span>
     <span class='ocr_line' id='line_1_9' title="bbox 273 788 1843 840; baseline -0.001 -10"><span class='ocrx_word' id='word_1_53' title='bbox 273 792 438 830; x_wconf 76' lang='lat' dir='ltr'>Aiacem</span> <span class='ocrx_word' id='word_1_54' title='bbox 472 799 604 829; x_wconf 89' lang='lat' dir='ltr'>mente</span> <span class='ocrx_word' id='word_1_55' title='bbox 627 791 842 829; x_wconf 86' lang='lat' dir='ltr'>alienatum</span> <span class='ocrx_word' id='word_1_56' title='bbox 866 803 1010 840; x_wconf 86' lang='lat' dir='ltr'>magna</span> <span class='ocrx_word' id='word_1_57' title='bbox 1035 790 1233 840; x_wconf 82' lang='lat' dir='ltr'>pecudum</span> <span class='ocrx_word' id='word_1_58' title='bbox 1266 796 1395 839; x_wconf 84' lang='lat' dir='ltr'>strage</span> <span class='ocrx_word' id='word_1_59' title='bbox 1427 789 1532 827; x_wconf 87' lang='lat' dir='ltr'>sacta</span> <span class='ocrx_word' id='word_1_60' title='bbox 1564 788 1712 836; x_wconf 77' lang='lat' dir='ltr'><strong>bestias</strong></span> <span class='ocrx_word' id='word_1_61' title='bbox 1742 800 1843 839; x_wconf 77' lang='lat' dir='ltr'>quas</span> 
     </span>
     <span class='ocr_line' id='line_1_10' title="bbox 273 859 1843 907; baseline -0.001 -7"><span class='ocrx_word' id='word_1_62' title='bbox 273 863 452 900; x_wconf 87' lang='lat' dir='ltr'>nondum</span> <span class='ocrx_word' id='word_1_63' title='bbox 477 869 668 907; x_wconf 88' lang='lat' dir='ltr'>caeserat,</span> <span class='ocrx_word' id='word_1_64' title='bbox 693 862 848 900; x_wconf 90' lang='lat' dir='ltr'>vinctas</span> <span class='ocrx_word' id='word_1_65' title='bbox 882 861 919 899; x_wconf 92' lang='lat' dir='ltr'>in</span> <span class='ocrx_word' id='word_1_66' title='bbox 946 860 1157 899; x_wconf 90' lang='lat' dir='ltr'>tentorium</span> <span class='ocrx_word' id='word_1_67' title='bbox 1192 860 1369 898; x_wconf 86' lang='lat' dir='ltr'><strong>traxisse.</strong></span> <span class='ocrx_word' id='word_1_68' title='bbox 1434 860 1493 898; x_wconf 92' lang='lat' dir='ltr'>Ibi</span> <span class='ocrx_word' id='word_1_69' title='bbox 1516 859 1658 898; x_wconf 89' lang='lat' dir='ltr'>adesse</span> <span class='ocrx_word' id='word_1_70' title='bbox 1679 871 1771 899; x_wconf 87' lang='lat' dir='ltr'>eum</span> <span class='ocrx_word' id='word_1_71' title='bbox 1801 859 1843 907; x_wconf 73' lang='lat' dir='ltr'>in</span> 
     </span>
     <span class='ocr_line' id='line_1_11' title="bbox 273 929 1855 1002; baseline -0.001 -31"><span class='ocrx_word' id='word_1_72' title='bbox 273 933 495 984; x_wconf 82' lang='lat' dir='ltr'>praesenti,</span> <span class='ocrx_word' id='word_1_73' title='bbox 541 933 853 982; x_wconf 82' lang='lat' dir='ltr'>verberibusque</span> <span class='ocrx_word' id='word_1_74' title='bbox 898 931 1075 982; x_wconf 88' lang='lat' dir='ltr'>pecudes</span> <span class='ocrx_word' id='word_1_75' title='bbox 1114 932 1354 970; x_wconf 84' lang='lat' dir='ltr'>mulcantem</span> <span class='ocrx_word' id='word_1_76' title='bbox 1403 943 1553 981; x_wconf 80' lang='lat' dir='ltr'>poenas</span> <span class='ocrx_word' id='word_1_77' title='bbox 1597 930 1673 969; x_wconf 91' lang='lat' dir='ltr'>sibi</span> <span class='ocrx_word' id='word_1_78' title='bbox 1716 929 1855 1002; x_wconf 50' lang='lat' dir='ltr'>vider,</span> 
     </span>
     <span class='ocr_line' id='line_1_12' title="bbox 273 1002 1844 1054; baseline -0.001 -12"><span class='ocrx_word' id='word_1_79' title='bbox 273 1012 451 1054; x_wconf 87' lang='lat' dir='ltr'>repetere</span> <span class='ocrx_word' id='word_1_80' title='bbox 486 1005 537 1042; x_wconf 89' lang='lat' dir='ltr'>ab</span> <span class='ocrx_word' id='word_1_81' title='bbox 570 1005 721 1043; x_wconf 86' lang='lat' dir='ltr'>infestis</span> <span class='ocrx_word' id='word_1_82' title='bbox 745 1005 998 1042; x_wconf 85' lang='lat' dir='ltr'>Achaeorum</span> <span class='ocrx_word' id='word_1_83' title='bbox 1031 1003 1290 1053; x_wconf 70' lang='lat' dir='ltr'>principibus</span> <span class='ocrx_word' id='word_1_84' title='bbox 1357 1003 1411 1041; x_wconf 92' lang='lat' dir='ltr'>Ut</span> <span class='ocrx_word' id='word_1_85' title='bbox 1432 1009 1562 1042; x_wconf 88' lang='lat' dir='ltr'>autem</span> <span class='ocrx_word' id='word_1_86' title='bbox 1586 1002 1716 1052; x_wconf 87' lang='lat' dir='ltr'>ipsum</span> <span class='ocrx_word' id='word_1_87' title='bbox 1748 1013 1844 1041; x_wconf 89' lang='lat' dir='ltr'>con-</span> 
     </span>
     <span class='ocr_line' id='line_1_13' title="bbox 273 1063 1843 1125; baseline -0.001 -13"><span class='ocrx_word' id='word_1_88' title='bbox 273 1075 416 1125; x_wconf 84' lang='lat' dir='ltr'>spiciat</span> <span class='ocrx_word' id='word_1_89' title='bbox 449 1076 607 1114; x_wconf 86' lang='lat' dir='ltr'>insania</span> <span class='ocrx_word' id='word_1_90' title='bbox 641 1088 903 1125; x_wconf 79' lang='lat' dir='ltr'>oppressum,</span> <span class='ocrx_word' id='word_1_91' title='bbox 938 1076 1080 1112; x_wconf 88' lang='lat' dir='ltr'>frustra</span> <span class='ocrx_word' id='word_1_92' title='bbox 1112 1074 1232 1113; x_wconf 85' lang='lat' dir='ltr'>Ulixe</span> <span class='ocrx_word' id='word_1_93' title='bbox 1273 1074 1479 1113; x_wconf 86' lang='lat' dir='ltr'>resistente</span> <span class='ocrx_word' id='word_1_94' title='bbox 1510 1086 1532 1112; x_wconf 89' lang='lat' dir='ltr'>e</span> <span class='ocrx_word' id='word_1_95' title='bbox 1565 1073 1738 1112; x_wconf 86' lang='lat' dir='ltr'>tentorio</span> <span class='ocrx_word' id='word_1_96' title='bbox 1767 1063 1843 1112; x_wconf 73' lang='grc' dir='ltr'>Μί-</span> 
     </span>
     <span class='ocr_line' id='line_1_14' title="bbox 274 1128 1855 1210; baseline -0.001 -26"><span class='ocrx_word' id='word_1_97' title='bbox 274 1159 396 1184; x_wconf 86' lang='lat' dir='ltr'>nerva</span> <span class='ocrx_word' id='word_1_98' title='bbox 421 1154 538 1186; x_wconf 79' lang='lat' dir='ltr'>vocat</span> <span class='ocrx_word' id='word_1_99' title='bbox 562 1146 742 1191; x_wconf 87' lang='lat' dir='ltr'>Aiacem,</span> <span class='ocrx_word' id='word_1_100' title='bbox 767 1147 834 1196; x_wconf 88' lang='lat' dir='ltr'>qui</span> <span class='ocrx_word' id='word_1_101' title='bbox 856 1145 982 1184; x_wconf 91' lang='lat' dir='ltr'>oculis</span> <span class='ocrx_word' id='word_1_102' title='bbox 1004 1130 1105 1184; x_wconf 88' lang='lat' dir='ltr'>deae</span> <span class='ocrx_word' id='word_1_103' title='bbox 1138 1158 1261 1195; x_wconf 88' lang='lat' dir='ltr'>opera</span> <span class='ocrx_word' id='word_1_104' title='bbox 1281 1144 1448 1184; x_wconf 90' lang='lat' dir='ltr'>deflexis</span> <span class='ocrx_word' id='word_1_105' title='bbox 1480 1145 1608 1183; x_wconf 87' lang='lat' dir='ltr'>solam</span> <span class='ocrx_word' id='word_1_106' title='bbox 1634 1128 1855 1210; x_wconf 75' lang='lat' dir='ltr'>cognoscit</span> 
     </span>
     <span class='ocr_line' id='line_1_15' title="bbox 273 1215 1843 1266; baseline -0.001 -11"><span class='ocrx_word' id='word_1_107' title='bbox 273 1218 508 1256; x_wconf 81' lang='lat' dir='ltr'>Minervam.</span> <span class='ocrx_word' id='word_1_108' title='bbox 574 1219 657 1256; x_wconf 88' lang='lat' dir='ltr'>Etsi</span> <span class='ocrx_word' id='word_1_109' title='bbox 691 1219 850 1257; x_wconf 87' lang='lat' dir='ltr'>sedatus</span> <span class='ocrx_word' id='word_1_110' title='bbox 884 1217 960 1256; x_wconf 93' lang='lat' dir='ltr'>iam</span> <span class='ocrx_word' id='word_1_111' title='bbox 994 1224 1053 1256; x_wconf 88' lang='lat' dir='ltr'>est</span> <span class='ocrx_word' id='word_1_112' title='bbox 1085 1217 1225 1255; x_wconf 87' lang='lat' dir='ltr'>furoris</span> <span class='ocrx_word' id='word_1_113' title='bbox 1257 1216 1439 1266; x_wconf 86' lang='lat' dir='ltr'>impetus,</span> <span class='ocrx_word' id='word_1_114' title='bbox 1473 1223 1604 1254; x_wconf 89' lang='lat' dir='ltr'>tamen</span> <span class='ocrx_word' id='word_1_115' title='bbox 1637 1215 1678 1254; x_wconf 88' lang='lat' dir='ltr'>in</span> <span class='ocrx_word' id='word_1_116' title='bbox 1709 1222 1843 1254; x_wconf 83' lang='lat' dir='ltr'>mente</span> 
     </span>
     <span class='ocr_line' id='line_1_16' title="bbox 273 1283 1843 1338; baseline 0.001 -12"><span class='ocrx_word' id='word_1_117' title='bbox 273 1289 395 1326; x_wconf 85' lang='lat' dir='ltr'>infixa</span> <span class='ocrx_word' id='word_1_118' title='bbox 428 1290 615 1328; x_wconf 84' lang='lat' dir='ltr'>remansit</span> <span class='ocrx_word' id='word_1_119' title='bbox 647 1303 751 1328; x_wconf 87' lang='lat' dir='ltr'>vana</span> <span class='ocrx_word' id='word_1_120' title='bbox 783 1289 918 1327; x_wconf 80' lang='lat' dir='ltr'>Aiacis</span> <span class='ocrx_word' id='word_1_121' title='bbox 952 1287 1112 1338; x_wconf 89' lang='lat' dir='ltr'>opinio,</span> <span class='ocrx_word' id='word_1_122' title='bbox 1148 1288 1258 1337; x_wconf 82' lang='lat' dir='ltr'>quod</span> <span class='ocrx_word' id='word_1_123' title='bbox 1291 1300 1338 1325; x_wconf 87' lang='lat' dir='ltr'>ex</span> <span class='ocrx_word' id='word_1_124' title='bbox 1371 1286 1612 1336; x_wconf 87' lang='lat' dir='ltr'>interloquio</span> <span class='ocrx_word' id='word_1_125' title='bbox 1644 1298 1733 1325; x_wconf 89' lang='lat' dir='ltr'>eum</span> <span class='ocrx_word' id='word_1_126' title='bbox 1764 1283 1843 1328; x_wconf 56' lang='lat' dir='ltr'>dea</span> 
     </span>
     <span class='ocr_line' id='line_1_17' title="bbox 274 1352 1841 1411; baseline 0 -14"><span class='ocrx_word' id='word_1_127' title='bbox 274 1367 459 1398; x_wconf 86' lang='lat' dir='ltr'>conserto</span> <span class='ocrx_word' id='word_1_128' title='bbox 495 1359 672 1411; x_wconf 85' lang='lat' dir='ltr'>apparet.</span> <span class='ocrx_word' id='word_1_129' title='bbox 739 1352 899 1399; x_wconf 83' lang='lat' dir='ltr'>Deinde</span> <span class='ocrx_word' id='word_1_130' title='bbox 931 1360 970 1397; x_wconf 92' lang='lat' dir='ltr'>in</span> <span class='ocrx_word' id='word_1_131' title='bbox 1013 1359 1224 1398; x_wconf 88' lang='lat' dir='ltr'>tentorium</span> <span class='ocrx_word' id='word_1_132' title='bbox 1259 1358 1360 1396; x_wconf 87' lang='lat' dir='ltr'>Aiax</span> <span class='ocrx_word' id='word_1_133' title='bbox 1394 1357 1508 1403; x_wconf 86' lang='lat' dir='ltr'>redit,</span> <span class='ocrx_word' id='word_1_134' title='bbox 1542 1366 1583 1395; x_wconf 89' lang='lat' dir='ltr'>ut</span> <span class='ocrx_word' id='word_1_135' title='bbox 1614 1355 1754 1408; x_wconf 75' lang='lat' dir='ltr'>pergat</span> <span class='ocrx_word' id='word_1_136' title='bbox 1783 1357 1841 1398; x_wconf 86' lang='lat' dir='ltr'>in-</span> 
     </span>
     <span class='ocr_line' id='line_1_18' title="bbox 274 1427 1840 1480; baseline -0.001 -12"><span class='ocrx_word' id='word_1_137' title='bbox 274 1444 411 1469; x_wconf 84' lang='lat' dir='ltr'>sanum</span> <span class='ocrx_word' id='word_1_138' title='bbox 446 1432 612 1472; x_wconf 88' lang='lat' dir='ltr'>facinus.</span> <span class='ocrx_word' id='word_1_139' title='bbox 677 1432 850 1476; x_wconf 89' lang='lat' dir='ltr'>Ulixem,</span> <span class='ocrx_word' id='word_1_140' title='bbox 875 1444 992 1480; x_wconf 84' lang='lat' dir='ltr'>quem</span> <span class='ocrx_word' id='word_1_141' title='bbox 1017 1429 1171 1480; x_wconf 73' lang='lat' dir='ltr'>cepisse</span> <span class='ocrx_word' id='word_1_142' title='bbox 1203 1437 1241 1468; x_wconf 92' lang='lat' dir='ltr'>et</span> <span class='ocrx_word' id='word_1_143' title='bbox 1273 1428 1444 1467; x_wconf 82' lang='lat' dir='ltr'>vinxisse</span> <span class='ocrx_word' id='word_1_144' title='bbox 1465 1428 1541 1466; x_wconf 88' lang='lat' dir='ltr'>sibi</span> <span class='ocrx_word' id='word_1_145' title='bbox 1573 1427 1740 1474; x_wconf 85' lang='lat' dir='ltr'>videtur,</span> <span class='ocrx_word' id='word_1_146' title='bbox 1773 1427 1840 1467; x_wconf 82' lang='lat' dir='ltr'>fla-</span> 
     </span>
     <span class='ocr_line' id='line_1_19' title="bbox 273 1499 1643 1551; baseline -0.001 -12"><span class='ocrx_word' id='word_1_147' title='bbox 273 1503 379 1551; x_wconf 81' lang='lat' dir='ltr'>gello</span> <span class='ocrx_word' id='word_1_148' title='bbox 413 1503 622 1541; x_wconf 85' lang='lat' dir='ltr'>verberare</span> <span class='ocrx_word' id='word_1_149' title='bbox 655 1509 984 1551; x_wconf 87' lang='lat' dir='ltr'>cruentatumque</span> <span class='ocrx_word' id='word_1_150' title='bbox 1017 1501 1238 1540; x_wconf 88' lang='lat' dir='ltr'>interficere</span> <span class='ocrx_word' id='word_1_151' title='bbox 1270 1499 1309 1537; x_wconf 92' lang='lat' dir='ltr'>in</span> <span class='ocrx_word' id='word_1_152' title='bbox 1343 1499 1478 1538; x_wconf 89' lang='lat' dir='ltr'>animo</span> <span class='ocrx_word' id='word_1_153' title='bbox 1508 1499 1643 1537; x_wconf 90' lang='lat' dir='ltr'>habet.</span> 
     </span>
    </p>
   </div>
   <div class='ocr_carea' id='block_1_5' title="bbox 271 1581 1841 1706">
    <p class='ocr_par' dir='ltr' id='par_1_5' title="bbox 271 1581 1841 1706">
     <span class='ocr_line' id='line_1_20' title="bbox 416 1581 1838 1635; baseline -0.001 -12"><span class='ocrx_word' id='word_1_154' title='bbox 416 1585 570 1623; x_wconf 89' lang='lat' dir='ltr'>Finitur</span> <span class='ocrx_word' id='word_1_155' title='bbox 613 1586 816 1635; x_wconf 84' lang='lat' dir='ltr'>prologus.</span> <span class='ocrx_word' id='word_1_156' title='bbox 882 1584 1068 1633; x_wconf 83' lang='lat' dir='ltr'>Sequitur</span> <span class='ocrx_word' id='word_1_157' title='bbox 1114 1583 1224 1623; x_wconf 84' lang='lat' dir='ltr'>chori</span> <span class='ocrx_word' id='word_1_158' title='bbox 1272 1583 1310 1620; x_wconf 91' lang='lat' dir='ltr'>in</span> <span class='ocrx_word' id='word_1_159' title='bbox 1359 1582 1603 1620; x_wconf 87' lang='lat' dir='ltr'>orchestram</span> <span class='ocrx_word' id='word_1_160' title='bbox 1647 1581 1838 1626; x_wconf 81' lang='lat' dir='ltr'>incessus.</span> 
     </span>
     <span class='ocr_line' id='line_1_21' title="bbox 271 1652 1841 1706; baseline -0.001 -13"><span class='ocrx_word' id='word_1_161' title='bbox 271 1658 403 1705; x_wconf 88' lang='lat' dir='ltr'>Atque</span> <span class='ocrx_word' id='word_1_162' title='bbox 427 1656 555 1706; x_wconf 90' lang='lat' dir='ltr'>primo</span> <span class='ocrx_word' id='word_1_163' title='bbox 578 1656 740 1705; x_wconf 86' lang='lat' dir='ltr'>quidem</span> <span class='ocrx_word' id='word_1_164' title='bbox 773 1656 825 1695; x_wconf 90' lang='lat' dir='ltr'>de</span> <span class='ocrx_word' id='word_1_165' title='bbox 848 1655 973 1694; x_wconf 86' lang='lat' dir='ltr'>Aiace</span> <span class='ocrx_word' id='word_1_166' title='bbox 995 1654 1210 1693; x_wconf 83' lang='lat' dir='ltr'>narrationi</span> <span class='ocrx_word' id='word_1_167' title='bbox 1243 1654 1363 1691; x_wconf 78' lang='lat' dir='ltr'>fidem</span> <span class='ocrx_word' id='word_1_168' title='bbox 1396 1653 1598 1702; x_wconf 84' lang='lat' dir='ltr'>derogans</span> <span class='ocrx_word' id='word_1_169' title='bbox 1619 1652 1841 1705; x_wconf 72' lang='lat' dir='ltr'>profectum</span> 
     </span>
    </p>
   </div>
   <div class='ocr_carea' id='block_1_6' title="bbox 274 1723 1857 1845">
    <p class='ocr_par' dir='ltr' id='par_1_6' title="bbox 274 1723 1857 1845">
     <span class='ocr_line' id='line_1_22' title="bbox 274 1723 1857 1776; baseline -0.001 -12"><span class='ocrx_word' id='word_1_170' title='bbox 274 1739 361 1765; x_wconf 81' lang='lat' dir='ltr'>esse</span> <span class='ocrx_word' id='word_1_171' title='bbox 408 1727 557 1765; x_wconf 88' lang='lat' dir='ltr'>tristem</span> <span class='ocrx_word' id='word_1_172' title='bbox 607 1739 803 1771; x_wconf 85' lang='lat' dir='ltr'>rumorem</span> <span class='ocrx_word' id='word_1_173' title='bbox 853 1733 963 1776; x_wconf 91' lang='lat' dir='ltr'>putat</span> <span class='ocrx_word' id='word_1_174' title='bbox 1010 1726 1061 1764; x_wconf 90' lang='lat' dir='ltr'>ab</span> <span class='ocrx_word' id='word_1_175' title='bbox 1110 1725 1360 1763; x_wconf 86' lang='lat' dir='ltr'>inimicorum</span> <span class='ocrx_word' id='word_1_176' title='bbox 1408 1723 1609 1763; x_wconf 88' lang='lat' dir='ltr'>calumnia</span> <span class='ocrx_word' id='word_1_177' title='bbox 1627 1753 1636 1770; x_wconf 91' lang='lat'>,</span> <span class='ocrx_word' id='word_1_178' title='bbox 1680 1730 1857 1776; x_wconf 50' lang='lat' dir='ltr'>auctum¹</span> 
     </span>
     <span class='ocr_line' id='line_1_23' title="bbox 274 1794 1854 1845; baseline 0 -10"><span class='ocrx_word' id='word_1_179' title='bbox 274 1810 367 1835; x_wconf 92' lang='lat' dir='ltr'>vero</span> <span class='ocrx_word' id='word_1_180' title='bbox 391 1798 598 1836; x_wconf 89' lang='lat' dir='ltr'>humilium</span> <span class='ocrx_word' id='word_1_181' title='bbox 624 1798 784 1836; x_wconf 87' lang='lat' dir='ltr'>invidia.</span> <span class='ocrx_word' id='word_1_182' title='bbox 831 1797 1046 1836; x_wconf 89' lang='lat' dir='ltr'>Stasimum</span> <span class='ocrx_word' id='word_1_183' title='bbox 1069 1797 1216 1836; x_wconf 90' lang='lat' dir='ltr'>deinde</span> <span class='ocrx_word' id='word_1_184' title='bbox 1239 1796 1347 1834; x_wconf 88' lang='lat' dir='ltr'>canit</span> <span class='ocrx_word' id='word_1_185' title='bbox 1369 1795 1552 1845; x_wconf 90' lang='lat' dir='ltr'>primum.</span> <span class='ocrx_word' id='word_1_186' title='bbox 1595 1794 1854 1842; x_wconf 45' lang='lat' dir='ltr'>Persuadere,</span> 
     </span>
    </p>
   </div>
   <div class='ocr_carea' id='block_1_7' title="bbox 273 1865 1846 1920">
    <p class='ocr_par' dir='ltr' id='par_1_7' title="bbox 273 1865 1846 1920">
     <span class='ocr_line' id='line_1_24' title="bbox 273 1865 1846 1920; baseline -0.001 -14"><span class='ocrx_word' id='word_1_187' title='bbox 273 1869 347 1906; x_wconf 86' lang='lat' dir='ltr'>sibi</span> <span class='ocrx_word' id='word_1_188' title='bbox 381 1869 511 1907; x_wconf 86' lang='lat' dir='ltr'>studet</span> <span class='ocrx_word' id='word_1_189' title='bbox 535 1869 673 1907; x_wconf 89' lang='lat' dir='ltr'>iterum</span> <span class='ocrx_word' id='word_1_190' title='bbox 707 1869 942 1918; x_wconf 87' lang='lat' dir='ltr'>iterumque,</span> <span class='ocrx_word' id='word_1_191' title='bbox 976 1869 1086 1906; x_wconf 92' lang='lat' dir='ltr'>nullo</span> <span class='ocrx_word' id='word_1_192' title='bbox 1119 1867 1242 1906; x_wconf 91' lang='lat' dir='ltr'>modo</span> <span class='ocrx_word' id='word_1_193' title='bbox 1274 1866 1357 1905; x_wconf 86' lang='lat' dir='ltr'>fieri</span> <span class='ocrx_word' id='word_1_194' title='bbox 1392 1866 1579 1916; x_wconf 85' lang='lat' dir='ltr'>potuisse,</span> <span class='ocrx_word' id='word_1_195' title='bbox 1613 1872 1655 1904; x_wconf 88' lang='lat' dir='ltr'>ut</span> <span class='ocrx_word' id='word_1_196' title='bbox 1675 1866 1756 1905; x_wconf 84' lang='lat' dir='ltr'>tale</span> <span class='ocrx_word' id='word_1_197' title='bbox 1785 1865 1846 1920; x_wconf 47' lang='lat' dir='ltr'>f&amp;</span> 
     </span>
    </p>
   </div>
   <div class='ocr_carea' id='block_1_8' title="bbox 273 1928 1857 1991">
    <p class='ocr_par' dir='ltr' id='par_1_8' title="bbox 273 1928 1857 1991">
     <span class='ocr_line' id='line_1_25' title="bbox 273 1928 1857 1991; baseline 0.002 -14"><span class='ocrx_word' id='word_1_198' title='bbox 273 1939 385 1977; x_wconf 87' lang='lat' dir='ltr'>cinus</span> <span class='ocrx_word' id='word_1_199' title='bbox 429 1940 556 1978; x_wconf 90' lang='lat' dir='ltr'>obiret</span> <span class='ocrx_word' id='word_1_200' title='bbox 601 1940 724 1986; x_wconf 88' lang='lat' dir='ltr'>Aiax,</span> <span class='ocrx_word' id='word_1_201' title='bbox 768 1940 842 1978; x_wconf 88' lang='lat' dir='ltr'>nisi</span> <span class='ocrx_word' id='word_1_202' title='bbox 890 1928 991 1978; x_wconf 88' lang='lat' dir='ltr'>forte</span> <span class='ocrx_word' id='word_1_203' title='bbox 1023 1939 1189 1978; x_wconf 88' lang='lat' dir='ltr'>deorum</span> <span class='ocrx_word' id='word_1_204' title='bbox 1233 1938 1375 1976; x_wconf 84' lang='lat' dir='ltr'>infesta</span> <span class='ocrx_word' id='word_1_205' title='bbox 1417 1944 1550 1976; x_wconf 90' lang='lat' dir='ltr'>mente</span> <span class='ocrx_word' id='word_1_206' title='bbox 1594 1937 1751 1977; x_wconf 84' lang='lat' dir='ltr'>insania</span> <span class='ocrx_word' id='word_1_207' title='bbox 1789 1936 1857 1991; x_wconf 66' lang='lat' dir='ltr'>sit,</span> 
     </span>
    </p>
   </div>
   <div class='ocr_carea' id='block_1_9' title="bbox 272 2007 1848 2130">
    <p class='ocr_par' dir='ltr' id='par_1_9' title="bbox 272 2007 1848 2130">
     <span class='ocr_line' id='line_1_26' title="bbox 273 2007 1848 2060; baseline 0 -12"><span class='ocrx_word' id='word_1_208' title='bbox 273 2012 450 2050; x_wconf 81' lang='lat' dir='ltr'>affectus,</span> <span class='ocrx_word' id='word_1_209' title='bbox 515 2012 600 2049; x_wconf 89' lang='lat' dir='ltr'>Iam</span> <span class='ocrx_word' id='word_1_210' title='bbox 632 2024 726 2049; x_wconf 92' lang='lat' dir='ltr'>vero</span> <span class='ocrx_word' id='word_1_211' title='bbox 765 2011 804 2048; x_wconf 91' lang='lat' dir='ltr'>in</span> <span class='ocrx_word' id='word_1_212' title='bbox 838 2023 999 2050; x_wconf 86' lang='lat' dir='ltr'>scenam</span> <span class='ocrx_word' id='word_1_213' title='bbox 1037 2010 1171 2060; x_wconf 89' lang='lat' dir='ltr'>prodit</span> <span class='ocrx_word' id='word_1_214' title='bbox 1202 2011 1420 2048; x_wconf 88' lang='lat' dir='ltr'>Tecmessa</span> <span class='ocrx_word' id='word_1_215' title='bbox 1450 2007 1758 2058; x_wconf 88' lang='lat' dir='ltr'>summatimque</span> <span class='ocrx_word' id='word_1_216' title='bbox 1787 2008 1848 2054; x_wconf 59' lang='lat' dir='ltr'>de,</span> 
     </span>
     <span class='ocr_line' id='line_1_27' title="bbox 272 2079 1840 2130; baseline -0.001 -12"><span class='ocrx_word' id='word_1_217' title='bbox 272 2081 427 2119; x_wconf 86' lang='lat' dir='ltr'>insania</span> <span class='ocrx_word' id='word_1_218' title='bbox 451 2081 584 2120; x_wconf 89' lang='lat' dir='ltr'>Aiacis</span> <span class='ocrx_word' id='word_1_219' title='bbox 609 2082 753 2120; x_wconf 89' lang='lat' dir='ltr'>edocet</span> <span class='ocrx_word' id='word_1_220' title='bbox 774 2082 952 2120; x_wconf 88' lang='lat' dir='ltr'>chorum.</span> <span class='ocrx_word' id='word_1_221' title='bbox 999 2081 1082 2130; x_wconf 87' lang='lat' dir='ltr'>Qui</span> <span class='ocrx_word' id='word_1_222' title='bbox 1104 2093 1194 2119; x_wconf 90' lang='lat' dir='ltr'>cum</span> <span class='ocrx_word' id='word_1_223' title='bbox 1217 2093 1295 2119; x_wconf 82' lang='lat' dir='ltr'>una</span> <span class='ocrx_word' id='word_1_224' title='bbox 1318 2092 1407 2118; x_wconf 90' lang='lat' dir='ltr'>cum</span> <span class='ocrx_word' id='word_1_225' title='bbox 1425 2080 1645 2118; x_wconf 87' lang='lat' dir='ltr'>Tecmessa</span> <span class='ocrx_word' id='word_1_226' title='bbox 1664 2079 1840 2119; x_wconf 76' lang='lat' dir='ltr'>lamenta</span> 
     </span>
    </p>
   </div>
   <div class='ocr_carea' id='block_1_10' title="bbox 271 2150 1862 2341">
    <p class='ocr_par' dir='ltr' id='par_1_10' title="bbox 271 2150 1862 2341">
     <span class='ocr_line' id='line_1_28' title="bbox 271 2150 1859 2205; baseline 0 -16"><span class='ocrx_word' id='word_1_227' title='bbox 271 2153 502 2201; x_wconf 90' lang='lat' dir='ltr'>luctumque</span> <span class='ocrx_word' id='word_1_228' title='bbox 546 2152 728 2197; x_wconf 85' lang='lat' dir='ltr'>ediderit,</span> <span class='ocrx_word' id='word_1_229' title='bbox 772 2152 1017 2202; x_wconf 90' lang='lat' dir='ltr'>colloquium</span> <span class='ocrx_word' id='word_1_230' title='bbox 1063 2158 1299 2198; x_wconf 83' lang='lat' dir='ltr'>conserunt,</span> <span class='ocrx_word' id='word_1_231' title='bbox 1332 2162 1414 2200; x_wconf 89' lang='lat' dir='ltr'>quo</span> <span class='ocrx_word' id='word_1_232' title='bbox 1455 2156 1591 2188; x_wconf 90' lang='lat' dir='ltr'>monet</span> <span class='ocrx_word' id='word_1_233' title='bbox 1622 2150 1859 2205; x_wconf 24' lang='lat' dir='ltr'>Tecmessam</span> 
     </span>
     <span class='ocr_line' id='line_1_29' title="bbox 273 2220 1859 2276; baseline 0 -16"><span class='ocrx_word' id='word_1_234' title='bbox 273 2222 390 2260; x_wconf 91' lang='lat' dir='ltr'>etiam</span> <span class='ocrx_word' id='word_1_235' title='bbox 415 2229 569 2261; x_wconf 87' lang='lat' dir='ltr'>auctam</span> <span class='ocrx_word' id='word_1_236' title='bbox 596 2235 682 2262; x_wconf 87' lang='lat' dir='ltr'>esse</span> <span class='ocrx_word' id='word_1_237' title='bbox 701 2223 835 2261; x_wconf 87' lang='lat' dir='ltr'>Aiacis</span> <span class='ocrx_word' id='word_1_238' title='bbox 858 2222 1126 2262; x_wconf 86' lang='lat' dir='ltr'>calamitatem</span> <span class='ocrx_word' id='word_1_239' title='bbox 1148 2221 1276 2260; x_wconf 87' lang='lat' dir='ltr'>soluta</span> <span class='ocrx_word' id='word_1_240' title='bbox 1299 2221 1474 2269; x_wconf 85' lang='lat' dir='ltr'>insania;</span> <span class='ocrx_word' id='word_1_241' title='bbox 1498 2220 1650 2271; x_wconf 89' lang='lat' dir='ltr'>quippe</span> <span class='ocrx_word' id='word_1_242' title='bbox 1665 2226 1859 2276; x_wconf 48' lang='lat' dir='ltr'>mentem..</span> 
     </span>
     <span class='ocr_line' id='line_1_30' title="bbox 272 2291 1862 2341; baseline 0.001 -11"><span class='ocrx_word' id='word_1_243' title='bbox 272 2293 356 2331; x_wconf 84' lang='lat' dir='ltr'>eius</span> <span class='ocrx_word' id='word_1_244' title='bbox 401 2294 516 2332; x_wconf 90' lang='lat' dir='ltr'>valde</span> <span class='ocrx_word' id='word_1_245' title='bbox 561 2294 728 2332; x_wconf 86' lang='lat' dir='ltr'>eruciari</span> <span class='ocrx_word' id='word_1_246' title='bbox 771 2294 860 2332; x_wconf 90' lang='lat' dir='ltr'>talis</span> <span class='ocrx_word' id='word_1_247' title='bbox 904 2293 1093 2332; x_wconf 86' lang='lat' dir='ltr'>facinoris</span> <span class='ocrx_word' id='word_1_248' title='bbox 1137 2292 1397 2332; x_wconf 88' lang='lat' dir='ltr'>conscientia.</span> <span class='ocrx_word' id='word_1_249' title='bbox 1462 2291 1648 2341; x_wconf 88' lang='lat' dir='ltr'>Denique</span> <span class='ocrx_word' id='word_1_250' title='bbox 1678 2302 1862 2341; x_wconf 58' lang='lat' dir='ltr'>narrare„</span> 
     </span>
    </p>
   </div>
   <div class='ocr_carea' id='block_1_11' title="bbox 274 2362 1840 2555">
    <p class='ocr_par' dir='ltr' id='par_1_11' title="bbox 274 2362 1840 2555">
     <span class='ocr_line' id='line_1_31' title="bbox 274 2362 1838 2413; baseline 0.001 -13"><span class='ocrx_word' id='word_1_251' title='bbox 274 2363 424 2409; x_wconf 82' lang='lat' dir='ltr'>iubenti</span> <span class='ocrx_word' id='word_1_252' title='bbox 458 2365 582 2402; x_wconf 92' lang='lat' dir='ltr'>choro</span> <span class='ocrx_word' id='word_1_253' title='bbox 615 2365 851 2403; x_wconf 88' lang='lat' dir='ltr'>calamitatis</span> <span class='ocrx_word' id='word_1_254' title='bbox 884 2364 1052 2410; x_wconf 86' lang='lat' dir='ltr'>initium,</span> <span class='ocrx_word' id='word_1_255' title='bbox 1076 2363 1302 2413; x_wconf 87' lang='lat' dir='ltr'>composita</span> <span class='ocrx_word' id='word_1_256' title='bbox 1333 2363 1514 2401; x_wconf 90' lang='lat' dir='ltr'>oratione</span> <span class='ocrx_word' id='word_1_257' title='bbox 1545 2362 1708 2412; x_wconf 84' lang='lat' dir='ltr'>exponit</span> <span class='ocrx_word' id='word_1_258' title='bbox 1739 2362 1838 2401; x_wconf 86' lang='lat' dir='ltr'>Tec-</span> 
     </span>
     <span class='ocr_line' id='line_1_32' title="bbox 274 2431 1840 2484; baseline 0.001 -13"><span class='ocrx_word' id='word_1_259' title='bbox 274 2446 416 2480; x_wconf 88' lang='lat' dir='ltr'>messa,</span> <span class='ocrx_word' id='word_1_260' title='bbox 441 2434 605 2472; x_wconf 90' lang='lat' dir='ltr'>Aiacem</span> <span class='ocrx_word' id='word_1_261' title='bbox 639 2442 856 2484; x_wconf 89' lang='lat' dir='ltr'>praeeunte</span> <span class='ocrx_word' id='word_1_262' title='bbox 886 2442 1005 2473; x_wconf 88' lang='lat' dir='ltr'>nocte</span> <span class='ocrx_word' id='word_1_263' title='bbox 1027 2435 1143 2473; x_wconf 88' lang='lat' dir='ltr'>hasta</span> <span class='ocrx_word' id='word_1_264' title='bbox 1174 2440 1366 2472; x_wconf 85' lang='lat' dir='ltr'>armatum</span> <span class='ocrx_word' id='word_1_265' title='bbox 1389 2433 1600 2472; x_wconf 90' lang='lat' dir='ltr'>tentorium</span> <span class='ocrx_word' id='word_1_266' title='bbox 1633 2431 1840 2483; x_wconf 82' lang='lat' dir='ltr'>reliquisse</span> 
     </span>
     <span class='ocr_line' id='line_1_33' title="bbox 276 2505 1176 2555; baseline 0.003 -14"><span class='ocrx_word' id='word_1_267' title='bbox 276 2505 493 2554; x_wconf 85' lang='lat' dir='ltr'>paulloque</span> <span class='ocrx_word' id='word_1_268' title='bbox 526 2513 616 2554; x_wconf 87' lang='lat' dir='ltr'>post</span> <span class='ocrx_word' id='word_1_269' title='bbox 648 2518 846 2544; x_wconf 88' lang='lat' dir='ltr'>reversum</span> <span class='ocrx_word' id='word_1_270' title='bbox 880 2518 1013 2544; x_wconf 86' lang='lat' dir='ltr'>secum</span> <span class='ocrx_word' id='word_1_271' title='bbox 1047 2505 1176 2555; x_wconf 89' lang='lat' dir='ltr'>egisse</span> 
     </span>
    </p>
   </div>
   <div class='ocr_carea' id='block_1_12' title="bbox 417 2570 1464 2632">
    <p class='ocr_par' dir='ltr' id='par_1_12' title="bbox 417 2570 1464 2632">
     <span class='ocr_line' id='line_1_34' title="bbox 417 2570 1464 2632; baseline 0 -17"><span class='ocrx_word' id='word_1_272' title='bbox 417 2570 616 2629; x_wconf 74' lang='grc' dir='ltr'><em>ταύρους.</em></span> <span class='ocrx_word' id='word_1_273' title='bbox 650 2571 785 2626; x_wconf 74' lang='grc' dir='ltr'><strong><em>κύνας</em></strong></span> <span class='ocrx_word' id='word_1_274' title='bbox 815 2576 1019 2632; x_wconf 77' lang='grc' dir='ltr'><em>βοτῆρας,</em></span> <span class='ocrx_word' id='word_1_275' title='bbox 1053 2574 1237 2631; x_wconf 62' lang='grc' dir='ltr'>εὐπτέρων</span> <span class='ocrx_word' id='word_1_276' title='bbox 1269 2571 1464 2632; x_wconf 77' lang='grc' dir='ltr'><strong><em>τ’ἆγραν.</em></strong></span> 
     </span>
    </p>
   </div>
   <div class='ocr_carea' id='block_1_13' title="bbox 418 2645 1859 2696">
    <p class='ocr_par' dir='ltr' id='par_1_13' title="bbox 418 2645 1859 2696">
     <span class='ocr_line' id='line_1_35' title="bbox 418 2645 1859 2696; baseline 0.003 -15"><span class='ocrx_word' id='word_1_277' title='bbox 418 2645 599 2694; x_wconf 84' lang='lat' dir='ltr'>Quorum</span> <span class='ocrx_word' id='word_1_278' title='bbox 631 2645 718 2683; x_wconf 86' lang='lat' dir='ltr'>aliis</span> <span class='ocrx_word' id='word_1_279' title='bbox 752 2646 831 2684; x_wconf 92' lang='lat' dir='ltr'>alio</span> <span class='ocrx_word' id='word_1_280' title='bbox 874 2646 996 2685; x_wconf 90' lang='lat' dir='ltr'>modo</span> <span class='ocrx_word' id='word_1_281' title='bbox 1029 2646 1156 2684; x_wconf 90' lang='lat' dir='ltr'>caesis</span> <span class='ocrx_word' id='word_1_282' title='bbox 1199 2646 1304 2684; x_wconf 87' lang='lat' dir='ltr'>foras</span> <span class='ocrx_word' id='word_1_283' title='bbox 1337 2657 1427 2684; x_wconf 88' lang='lat' dir='ltr'>eum</span> <span class='ocrx_word' id='word_1_284' title='bbox 1468 2657 1556 2684; x_wconf 88' lang='lat' dir='ltr'>esse</span> <span class='ocrx_word' id='word_1_285' title='bbox 1587 2645 1774 2696; x_wconf 84' lang='lat' dir='ltr'>elapsum</span> <span class='ocrx_word' id='word_1_286' title='bbox 1798 2650 1859 2696; x_wconf 65' lang='lat' dir='ltr'>et⁴</span> 
     </span>
    </p>
   </div>
   <div class='ocr_carea' id='block_1_14' title="bbox 274 2715 1846 2988">
    <p class='ocr_par' dir='ltr' id='par_1_14' title="bbox 274 2715 1846 2988">
     <span class='ocr_line' id='line_1_36' title="bbox 274 2715 1838 2766; baseline 0.001 -13"><span class='ocrx_word' id='word_1_287' title='bbox 274 2728 363 2753; x_wconf 90' lang='lat' dir='ltr'>cum</span> <span class='ocrx_word' id='word_1_288' title='bbox 397 2715 537 2753; x_wconf 87' lang='lat' dir='ltr'>umbra</span> <span class='ocrx_word' id='word_1_289' title='bbox 570 2716 704 2766; x_wconf 85' lang='lat' dir='ltr'>aliqua</span> <span class='ocrx_word' id='word_1_290' title='bbox 736 2716 812 2754; x_wconf 89' lang='lat' dir='ltr'>sibi</span> <span class='ocrx_word' id='word_1_291' title='bbox 858 2716 982 2756; x_wconf 88' lang='lat' dir='ltr'>videri</span> <span class='ocrx_word' id='word_1_292' title='bbox 1015 2729 1103 2756; x_wconf 87' lang='lat' dir='ltr'>esse</span> <span class='ocrx_word' id='word_1_293' title='bbox 1134 2716 1389 2759; x_wconf 82' lang='lat' dir='ltr'>collocutum.</span> <span class='ocrx_word' id='word_1_294' title='bbox 1453 2717 1603 2766; x_wconf 85' lang='lat' dir='ltr'>Magna</span> <span class='ocrx_word' id='word_1_295' title='bbox 1638 2728 1728 2762; x_wconf 84' lang='lat' dir='ltr'>cum</span> <span class='ocrx_word' id='word_1_296' title='bbox 1760 2715 1838 2765; x_wconf 69' lang='lat' dir='ltr'>iac-</span> 
     </span>
     <span class='ocr_line' id='line_1_37' title="bbox 274 2786 1840 2835; baseline 0.003 -12"><span class='ocrx_word' id='word_1_297' title='bbox 274 2786 423 2824; x_wconf 87' lang='lat' dir='ltr'>tatione</span> <span class='ocrx_word' id='word_1_298' title='bbox 456 2786 577 2823; x_wconf 82' lang='lat' dir='ltr'>verba</span> <span class='ocrx_word' id='word_1_299' title='bbox 609 2787 817 2835; x_wconf 83' lang='lat' dir='ltr'>protulisse</span> <span class='ocrx_word' id='word_1_300' title='bbox 850 2795 887 2826; x_wconf 91' lang='lat' dir='ltr'>et</span> <span class='ocrx_word' id='word_1_301' title='bbox 929 2795 1070 2826; x_wconf 87' lang='lat' dir='ltr'>contra</span> <span class='ocrx_word' id='word_1_302' title='bbox 1101 2787 1262 2825; x_wconf 87' lang='lat' dir='ltr'>Atridas</span> <span class='ocrx_word' id='word_1_303' title='bbox 1295 2795 1332 2825; x_wconf 88' lang='lat' dir='ltr'>et</span> <span class='ocrx_word' id='word_1_304' title='bbox 1370 2787 1409 2825; x_wconf 91' lang='lat' dir='ltr'>in</span> <span class='ocrx_word' id='word_1_305' title='bbox 1446 2787 1615 2826; x_wconf 90' lang='lat' dir='ltr'>Ulixem.</span> <span class='ocrx_word' id='word_1_306' title='bbox 1679 2786 1840 2829; x_wconf 82' lang='lat' dir='ltr'>Deinde</span> 
     </span>
     <span class='ocr_line' id='line_1_38' title="bbox 274 2856 1836 2909; baseline 0.001 -15"><span class='ocrx_word' id='word_1_307' title='bbox 274 2868 381 2904; x_wconf 81' lang='lat' dir='ltr'>vero,</span> <span class='ocrx_word' id='word_1_308' title='bbox 416 2863 628 2906; x_wconf 80' lang='lat' dir='ltr'>postquam</span> <span class='ocrx_word' id='word_1_309' title='bbox 665 2857 835 2909; x_wconf 80' lang='lat' dir='ltr'>redierit,</span> <span class='ocrx_word' id='word_1_310' title='bbox 857 2858 1062 2906; x_wconf 88' lang='lat' dir='ltr'>paullatim</span> <span class='ocrx_word' id='word_1_311' title='bbox 1096 2858 1238 2896; x_wconf 90' lang='lat' dir='ltr'>mentis</span> <span class='ocrx_word' id='word_1_312' title='bbox 1268 2866 1496 2908; x_wconf 85' lang='lat' dir='ltr'>compotem</span> <span class='ocrx_word' id='word_1_313' title='bbox 1529 2870 1620 2896; x_wconf 88' lang='lat' dir='ltr'>eum</span> <span class='ocrx_word' id='word_1_314' title='bbox 1641 2869 1729 2901; x_wconf 84' lang='lat' dir='ltr'>esse</span> <span class='ocrx_word' id='word_1_315' title='bbox 1758 2856 1836 2895; x_wconf 84' lang='lat' dir='ltr'>fac·</span> 
     </span>
     <span class='ocr_line' id='line_1_39' title="bbox 274 2926 1846 2988; baseline 0.003 -23"><span class='ocrx_word' id='word_1_316' title='bbox 274 2934 355 2966; x_wconf 87' lang='lat' dir='ltr'>tum</span> <span class='ocrx_word' id='word_1_317' title='bbox 378 2926 590 2978; x_wconf 86' lang='lat' dir='ltr'>statimque</span> <span class='ocrx_word' id='word_1_318' title='bbox 623 2927 804 2967; x_wconf 84' lang='lat' dir='ltr'>insanum</span> <span class='ocrx_word' id='word_1_319' title='bbox 838 2928 1050 2977; x_wconf 80' lang='lat' dir='ltr'>agnovisse</span> <span class='ocrx_word' id='word_1_320' title='bbox 1083 2929 1249 2970; x_wconf 79' lang='lat' dir='ltr'>facinus,</span> <span class='ocrx_word' id='word_1_321' title='bbox 1315 2929 1533 2969; x_wconf 85' lang='lat' dir='ltr'>Restitutus</span> <span class='ocrx_word' id='word_1_322' title='bbox 1555 2928 1596 2969; x_wconf 84' lang='lat' dir='ltr'>in</span> <span class='ocrx_word' id='word_1_323' title='bbox 1629 2927 1846 2988; x_wconf 62' lang='lat' dir='ltr'>pristinam,</span> 
     </span>
    </p>
   </div>
  </div>
 </body>
</html>
