1884 3230
763 206 1058 244 „13-

272 326 467 366 Nimirum
512 332 630 366 antea
664 326 859 364 Hercules
892 325 1070 374 mythum
1102 331 1259 363 secutus
1303 323 1482 362 invectus
1528 330 1612 362 erat
1653 322 1693 360 in

129 399 337 443 Iunonem,
365 411 472 436 nunc
505 411 593 436 cum
627 405 747 447 poeta
779 397 868 446 ipso
900 395 1054 434 dubitat
1087 396 1138 434 de
1179 396 1341 433 veritate
1384 395 1551 435 illorum.
1617 395 1692 431 Ne-

130 469 248 507 fastas
281 481 367 507 esse
400 469 512 506 fictas
545 469 633 505 illas
665 468 717 505 de
749 467 824 505 diis
865 466 1110 505 narrationes
1151 474 1287 516 aperte
1329 467 1474 504 fatetur
1518 465 1694 514 itemque

131 540 272 578 morbo
304 539 561 577 succubuisse
593 551 648 583 se,
682 551 764 576 non
804 539 886 575 irae
928 537 1043 576 deae.
1109 537 1208 575 Inde
1251 537 1411 575 vivendi
1455 536 1530 574 sibi
1576 536 1693 573 sumit

131 611 317 648 animum.
384 610 520 660 Ignavi
555 609 659 647 enim
694 621 792 653 esse,
827 608 956 646 morbi
988 621 1109 646 causa
1141 608 1260 646 vitam
1294 608 1439 656 fugere.
1498 607 1693 645 Videmus

130 681 249 730 igitur
279 680 443 718 Aiacem
490 681 583 718 ideo
615 687 675 718 ne‘
705 680 872 729 cogitari
904 679 1067 728 quidem
1101 692 1220 729 posse
1251 679 1336 717 sine
1371 679 1564 723 Minerva,
1598 679 1694 728 quia

130 752 383 789 consentiunt
415 752 466 789 de
498 751 581 788 eius
625 750 860 788 auctoritate
893 749 1089 795 homines,
1133 757 1270 787 contra
1312 749 1351 787 in
1388 750 1561 788 Hercule
1593 750 1692 787 deos

130 823 182 860 ab
214 822 372 860 actione
414 821 532 860 anxie
562 829 736 860 remotos
777 833 889 867 esse,
929 821 1024 870 quia
1062 828 1189 858 utrum
1228 821 1305 858 sint
1342 833 1470 859 necne
1507 821 1608 859 inter
1650 833 1692 857 se

130 893 463 943 philosophantur
493 892 690 930 homines.

273 965 388 1002 Haec
419 963 554 1008 habui,
588 975 692 1012 quae
724 964 775 1001 de
808 962 1026 1001 dramatica
1069 962 1250 1000 insaniae
1295 962 1532 1000 tractatione
1574 974 1693 1012 expo-

128 1047 277 1074 nerem.
341 1034 538 1083 Sequitur,
571 1041 612 1071 ut
646 1034 773 1071 morbi
807 1033 1098 1083 descriptiones
1131 1033 1350 1071 accuratius
1383 1033 1485 1071 inter
1514 1046 1557 1071 se
1586 1045 1691 1071 com-

130 1118 326 1155 paremus.

271 1178 405 1225 Atque
437 1176 626 1214 interesse
658 1175 819 1224 quidem
853 1174 1004 1223 aliquid
1037 1175 1113 1213 hac
1145 1175 1184 1212 in
1218 1187 1258 1212 re
1290 1174 1391 1212 inter
1420 1175 1592 1224 tragicos
1624 1188 1691 1212 no-

129 1254 243 1293 stros,
278 1248 339 1285 vel
371 1259 419 1284 ex
451 1247 498 1284 iis
532 1246 847 1291 rafiocinaberis,
872 1258 977 1294 quae
998 1246 1192 1283 hactenus
1214 1245 1414 1295 disputata
1438 1253 1538 1286 sunt.
1588 1246 1691 1284 Nam

129 1331 196 1380 qui
234 1343 389 1368 mecum
427 1328 739 1367 consideraverit
771 1341 843 1381 ea,
884 1328 935 1366 de
968 1329 1114 1377 quibus
1155 1340 1274 1377 supra
1306 1327 1617 1378 disputavimus,
1651 1328 1691 1366 in

128 1392 258 1439 morbi
290 1400 560 1450 descriptione
603 1400 664 1436 vix
697 1399 867 1437 eandem
909 1399 1155 1448 exspectabit
1196 1411 1329 1436 curam
1362 1399 1693 1448 diligentiamque

129 1472 168 1510 in
202 1484 251 1509 eo
273 1479 405 1523 poeta,
430 1471 498 1520 qui
530 1470 725 1508 insaniam
759 1483 918 1519 prorsus
953 1482 1186 1519 suspensam
1219 1482 1306 1508 esse
1327 1470 1449 1508 voluit
1481 1484 1504 1508 a
1526 1471 1691 1509 deorum

129 1543 330 1580 voluntate
352 1571 360 1586 ‚
406 1554 526 1590 quarn
570 1540 611 1578 in
656 1553 729 1585 e0,
779 1540 846 1589 qui
894 1540 1068 1578 humana
1111 1550 1231 1589 atque
1278 1541 1413 1578 divina
1460 1554 1549 1579 cum
1598 1554 1691 1579 cura

129 1613 318 1651 distinxit.
383 1613 516 1661 Atque
562 1611 632 1656 id,
671 1612 782 1660 quod
828 1612 885 1649 sic
917 1612 1221 1656 concludimus,
1267 1612 1444 1650 firmatur
1489 1613 1691 1650 luculento

127 1684 310 1733 exemplo
343 1683 469 1720 nuntii
503 1683 610 1732 apud
643 1682 873 1732 Euripidem
905 1682 1144 1721 narratione.

272 1766 406 1814 Quam
439 1778 528 1803 cum
562 1765 721 1814 egregie
753 1778 879 1815 nuper
909 1765 1135 1803 tractaverit
1164 1765 1426 1804 Wilamowitz
1458 1767 1482 1804 l.
1517 1767 1542 1804 l.
1575 1773 1590 1804 t
1637 1768 1689 1807 ΙΙ,

127 1849 219 1886 pgg.
259 1849 338 1885 223
360 1849 479 1885 sqq.„
506 1835 711 1874 mirabitur
741 1836 920 1882 fortasse,
945 1836 1013 1885 qui
1046 1836 1179 1874 denuo
1211 1836 1251 1874 in
1284 1836 1558 1886 quaestionem
1583 1838 1691 1876 videt

128 1906 275 1945 vocari.
338 1906 528 1944 Tironem
571 1914 676 1945 certe
714 1907 862 1944 nimiae
905 1906 1101 1944 incusabit
1141 1906 1335 1945 audaciae
1378 1907 1492 1945 huius
1533 1908 1604 1946 viri
1649 1908 1690 1946 in

125 1977 363 2016 tractatione
395 1977 648 2026 acquiescere
680 1978 895 2015 nolentem.

272 2049 452 2086 Provoco
485 2054 618 2086 tamen
660 2048 711 2086 ad
749 2045 877 2097 ipsu'm
912 2047 1282 2094 Wilamowitzium,
1317 2049 1386 2098 qui
1418 2061 1507 2087 curn
1541 2050 1690 2098 Lyssae

127 2119 250 2156 verba
281 2130 414 2156 versus
460 2120 482 2156 8
519 2120 586 2159 61.
631 2119 684 2156 ad
727 2118 880 2156 initium
915 2118 1095 2156 insaniae
1127 2120 1348 2168 spectantia
1391 2120 1575 2169 exemplo
1607 2120 1688 2158 illu-

128 2190 260 2227 stravit
299 2201 346 2227 ex
379 2189 637 2238 Hippocratis
683 2189 948 2239 prognosticis
979 2197 1138 2238 sumpto
1178 2202 1323 2227 novam
1358 2190 1479 2228 movit
1521 2191 1688 2240 quaesti-

128 2273 247 2298 onem
289 2259 511 2298 accuratius
556 2266 722 2298 tractatu
768 2261 875 2297 haud
908 2260 1127 2309 indignam,
1174 2273 1347 2309 quanam
1390 2273 1479 2299 cum
1525 2262 1688 2300 veritate

127 2331 291 2369 furentis
338 2331 523 2369 Herculis
571 2330 783 2380 imaginem
829 2330 1039 2380 Euripides
1086 2331 1333 2380 expresserit.
1398 2332 1526 2370 Huius
1571 2332 1689 2382 igitur

128 2414 314 2451 premens
335 2401 503 2451 vestigia
535 2401 639 2439 hanc
672 2402 723 2439 de
755 2402 882 2439 nuntii
914 2401 1140 2439 narratione
1171 2401 1332 2447 instituo
1364 2402 1685 2452 disputationem.

269 2473 403 2521 Atque
425 2472 531 2521 prius
554 2471 632 2510 iarn
655 2472 695 2510 in
714 2472 952 2521 tragicorum
977 2471 1222 2510 Graecorum
1255 2473 1480 2512 medicinae
1501 2475 1687 2513 scientias

127 2543 222 2581 data
253 2555 377 2592 opera
420 2550 478 2582 est
510 2541 754 2592 inquisitum.
820 2543 1068 2592 Daremberg
1101 2543 1205 2580 enim
1226 2573 1234 2588 ,
1268 2543 1326 2581 vir
1356 2544 1631 2590 doctissimus,
1665 2558 1688 2583 e

127 2613 256 2664 poetis
287 2613 577 2662 historicisque,
611 2614 679 2662 qui
723 2614 878 2652 fuerunt
909 2614 1003 2651 inde
1049 2614 1100 2651 ab
1133 2615 1312 2652 Homero
1346 2627 1471 2664 usque
1503 2616 1555 2654 ad
1590 2617 1682 2666 Hip-

127 2683 300 2734 pocratis
338 2690 509 2721 aetatem
542 2696 678 2722 eruere
711 2691 877 2722 conatus
909 2691 995 2729 est,
1041 2697 1144 2734 quae
1188 2685 1240 2723 ad
1287 2685 1512 2724 medicinae
1543 2693 1686 2725 statum

127 2754 362 2803 pertineant,
397 2754 636 2793 testimonia.
672 2750 737 2806 (cf.
783 2755 919 2793 Revue
961 2755 1133 2793 archeol.
1167 2756 1380 2794 X.—annee
1412 2769 1450 2794 n.
1490 2769 1520 2796 s.
1562 2759 1684 2806 1869.

127 2838 220 2874 pgg.
255 2827 441 2873 63—-72,
483 2822 741 2878 199---212.)
806 2826 940 2874 At'que
971 2826 1081 2874 quod
1114 2827 1252 2865 attinet
1283 2827 1334 2864 ad
1367 2827 1613 2877 Euripidem,
1645 2827 1686 2866 in

128 2896 188 2934 his
221 2895 468 2946 potissimum
502 2896 706 2934 sententiis
738 2908 908 2946 magnae
929 2902 1023 2934 tunc
1054 2897 1243 2948 temporis
1281 2898 1374 2936 artis
1395 2898 1574 2937 medicae
1597 2911 1686 2936 auc·

128 2966 298 3007 totitatis
329 2974 437 3007 certa
469 2967 653 3018 agnoseit
683 2966 939 3007 documenta.
