1884 3230
873 193 1168 231 ..30-

239 307 382 357 quibus
414 308 521 346 hunc
552 308 685 346 locum
718 314 918 348 tentavere
949 308 1021 347 viri
1052 310 1174 349 docti.
1239 311 1427 352 Genuina
1457 314 1645 364 Aeschyli
1675 315 1799 356 verba

239 378 466 416 felicissime
496 378 591 416 mihi
626 378 808 417 videntur
837 379 1043 419 refinxisse
1074 381 1282 431 Emperius
1313 389 1352 421 et
1383 384 1592 430 Martinus,
1621 385 1676 425 ita
1704 397 1798 426 con·

234 449 442 487 stituentes
473 460 649 491 versum:

524 518 617 560 ἀλλ’
651 518 709 569 ὥς
739 515 798 561 ἄν
828 519 975 575 εἰδῆτ’,
1008 514 1058 563 οὗ
1087 518 1172 576 γάρ
1205 522 1283 564 οἷδ’
1316 519 1404 586 ὅπῃ
1437 525 1564 567 τελεῖ.

382 602 502 650 Quae
534 601 763 639 coniectura
795 609 833 640 et
865 602 1018 641 codicis
1050 604 1172 642 verba
1205 605 1348 655 exiguo
1380 614 1532 646 tantum
1568 608 1799 648 discrimine

239 672 357 710 refert
389 679 428 710 et
459 672 716 710 confirmatur
746 672 843 710 mihi
875 673 954 711 loci
977 675 1185 714 sententia.
1250 676 1413 716 Orestes
1434 677 1563 728 igitur,
1586 667 1799 730 postquam

239 742 423 781 uberiore
455 742 634 780 oratione
666 742 801 781 matris
833 750 1002 783 necatae
1035 746 1158 784 choro
1191 746 1383 785 rationem
1408 748 1593 796 reddidit,
1617 761 1698 799 quo
1720 762 1798 789 mae

238 813 299 862 gis
331 813 383 851 ad
425 813 579 851 facinus
611 812 730 851 etiam
774 820 894 863 atque
931 814 1051 854 etiam
1094 816 1270 855 animum
1308 818 1500 865 advertit,
1543 831 1592 858 eo
1636 820 1800 871 propius

240 883 420 932 quamvis
458 883 611 921 levibus
648 884 824 934 vestigiis
862 885 1055 924 accedere
1100 887 1295 926 insaniam
1334 888 1420 938 ipse
1463 889 1602 940 incipit
1639 890 1798 931 sentire.

239 955 405 1003 Iamque
427 953 584 1000 veritus,
608 965 658 992 ne
690 954 899 1004 repentino
921 955 1005 994 eius
1038 956 1188 1006 impetu
1221 958 1480 1008 opprimatur,
1504 961 1681 1011 exponit,
1703 961 1798 1000 dum

240 1037 359 1062 sanus
392 1031 464 1071 est,
498 1025 621 1062 choro
654 1025 797 1063 mentis
829 1038 924 1065 suae
956 1034 1114 1073 statum,
1139 1028 1253 1077 quasi
1285 1029 1477 1079 refugium
1509 1032 1571 1069 vel
1603 1032 1800 1071 levamen-

239 1103 322 1133 tum
355 1096 558 1145 quoddam
593 1108 789 1145 quaerens
822 1097 860 1135 in
894 1097 1169 1137 describendis
1201 1099 1309 1137 miris
1341 1100 1462 1139 animi
1496 1102 1682 1142 motibus.
1721 1103 1800 1153 Ap·

238 1166 389 1204 tissime
420 1166 538 1216 igitur
568 1167 797 1216 loquentem
830 1180 919 1205 eum
952 1168 1046 1207 facit
1078 1177 1220 1219 poeta:

526 1229 621 1279 ἄλλ’
653 1236 711 1287 οἷς
743 1233 802 1280 ἄν
832 1237 979 1293 εἰδῆτ’,
1013 1238 1062 1281 οὔ
1092 1238 1178 1297 γάρ
1209 1237 1291 1282 οἷδ’
1326 1237 1415 1304 ὅπῃ
1448 1242 1571 1285 τελεῖ.

314 1346 316 1350 ,
384 1308 520 1356 Quare
553 1308 819 1358 acquieverim
853 1309 1040 1358 equidem
1074 1311 1147 1349 hac
1179 1323 1314 1350 versus
1347 1313 1473 1352 forma
1511 1313 1713 1364 plerisque
1742 1326 1800 1353 re·

239 1378 482 1418 centioribus
514 1379 674 1426 criticis,
706 1391 867 1418 necnon
898 1379 974 1430 ipsi
1006 1381 1242 1420 Hermanno
1274 1383 1456 1432 probata.

383 1450 557 1489 Maiores
600 1449 868 1497 difficultates,
909 1450 978 1500 qui
1023 1459 1226 1501 sequntur,
1268 1465 1416 1500 versuS,
1450 1455 1655 1505 praebent.
1711 1457 1801 1501 Per-

239 1521 295 1570 git
328 1521 511 1578 Orestes:

239 1604 296 1632 vs.
329 1605 466 1641 10192
529 1586 674 1649 ὥσπερ
706 1589 784 1640 ξὺν
815 1593 966 1639 ἵπποις
997 1587 1278 1648 ἤνιοοτρόφου
1309 1591 1469 1650 δρόμου

523 1660 714 1719 ἐξωτέρω
747 1673 756 1681 ·
791 1668 960 1719 φέρουσι
991 1660 1077 1721 γάρ
1110 1663 1347 1719 νικώμενον

524 1737 675 1789 φρένες
706 1730 938 1788 δύσαρκτοι
971 1746 979 1753 ·
1014 1732 1122 1788 πρὸς
1155 1734 1204 1776 δὲ
1235 1735 1395 1795 καρδίᾳ
1428 1733 1564 1791 φόβος

523 1802 651 1862 ᾄδειν
681 1805 848 1858 ἕτοιμος
877 1798 947 1859 ’ἠδ’
981 1804 1278 1863 ὑπορχεῖσθαι
1309 1806 1433 1865 κότῳ.

381 1877 426 1914 In
475 1887 589 1914 versu
639 1889 747 1925 1019
790 1875 879 1913 libri
919 1876 1108 1915 exhibent
1148 1874 1441 1934 ἧιίοστρόφου.
1484 1879 1594 1929 quod
1634 1878 1801 1918 mutavit

239 1946 469 1985 Schuetzius
501 1946 629 1996 prima
661 1946 701 1983 in
734 1945 910 1984 editione
932 1946 973 1984 in
995 1945 1303 2005 ἤνιοστρόφον;
1336 1957 1552 1999 praecunte
1573 1962 1667 1988 vero
1688 1950 1799 1988 Stan-

238 2017 330 2064 leio,
363 2017 559 2067 probante
592 2017 859 2063 Blomfieldio,
892 2017 933 2056 in
966 2019 1143 2057 secunda
1175 2019 1307 2068 posuit
1341 2015 1618 2078 ἦνιοοτροφῶ.
1667 2019 1800 2071 Appa-

238 2095 309 2134 ret,
343 2100 502 2127 omnem
536 2087 651 2126 huius
683 2100 818 2127 versus
850 2089 1093 2138 explanandi
1134 2089 1328 2128 rationem
1361 2090 1456 2129 inde
1499 2089 1698 2147 proficisci
1731 2089 1799 2130 de·

239 2159 346 2205 bere,
382 2166 510 2198 utrum
543 2159 734 2197 secudum
767 2159 992 2198 Robortelli
1025 2160 1243 2199 editionem
1266 2168 1466 2200 commate
1497 2168 1588 2211 post
1607 2159 1800 2221 ἐξωτέρω

238 2225 315 2282 (v.s
355 2230 483 2281 1020)
514 2230 672 2268 sublato
705 2229 745 2267 in
777 2241 898 2268 unum
933 2230 1159 2280 redigamus
1193 2231 1449 2269 enunciatum
1489 2231 1611 2270 verba
1653 2226 1801 2288 ὅσπερ

239 2306 314 2339 etc.
349 2312 474 2350 usque
506 2300 558 2339 ad
591 2301 711 2339 verba
742 2306 890 2358 φρένες
922 2297 1166 2358 δυσαρκτοι,
1186 2314 1236 2340 an
1269 2314 1359 2340 cum
1382 2302 1559 2352 pluribus
1581 2291 1814 2341 editoribus

239 2383 384 2409 novam
418 2371 655 2421 incipiamus
688 2372 926 2410 sententiam
959 2384 982 2410 a
1014 2372 1213 2410 vocabulo
1245 2377 1455 2427 φέρουσιν.
1519 2371 1588 2423 (VS.
1607 2383 1609 2386 ·
1628 2365 1767 2430 1020).

382 2442 515 2491 Atque
547 2442 646 2480 haec
685 2441 848 2491 quidem
893 2454 1074 2481 versuum
1127 2456 1248 2493 1019.
1302 2455 1368 2483 20.
1414 2442 1628 2482 disiunctio
1667 2453 1800 2493 neque

239 2512 376 2563 paucis
409 2524 540 2562 neque
561 2512 715 2551 levibus
747 2512 1066 2551 dubitationibus
1098 2514 1274 2552 obnoxia
1301 2514 1397 2552 mihi
1429 2514 1595 2561 videtur,
1617 2513 1798 2564 quamvis

239 2584 408 2633 probata
441 2583 676 2630 Wellauero,
711 2582 939 2629 Dindorfio,
975 2584 1240 2630 Kirchhoffio,
1275 2584 1525 2623 Weckleinio
1555 2583 1658 2624 aliis.
1718 2583 1798 2624 Pri·

239 2666 346 2692 mum
378 2654 485 2692 enim
518 2660 640 2703 patet,
673 2654 784 2691 nullo
815 2661 934 2703 pacto
966 2655 1088 2692 verba
1119 2651 1264 2709 ὥσπερ
1296 2652 1374 2703 ξῦν
1403 2655 1557 2705 ἵπποις
1595 2661 1671 2694 etc.
1702 2665 1798 2705 pen·

239 2724 334 2762 dere
365 2736 484 2773 posse
515 2724 566 2762 ab
599 2723 658 2769 iis,
693 2735 797 2773 quae
829 2724 1084 2770 antecedant,
1116 2724 1179 2763 cui
1208 2724 1483 2763 coniunctioni
1523 2725 1632 2775 leges
1669 2736 1798 2776 gram—

239 2795 410 2832 maticae
442 2794 635 2832 officiunt.
700 2794 937 2832 Necessario
969 2795 1086 2844 igitur
1117 2795 1170 2833 ad
1201 2794 1449 2834 coniecturas
1480 2795 1695 2846 confugere
1724 2795 1798 2834 viri

239 2865 361 2909 docti,
395 2872 434 2902 ut
467 2865 588 2902 verba
620 2876 751 2902 versus
790 2876 898 2914 1019
934 2878 1006 2915 per
1036 2878 1077 2904 se
1109 2873 1214 2904 stare
1244 2873 1420 2915 possent.

381 2935 507 2976 Tres
498 2935 691 2988 imprimis
707 2936 875 2978 notandi
892 2943 982 2976 sunt
1003 2937 1215 2977 mutandae
1237 2937 1390 2977 codicis
1410 2937 1596 2978 lectionis
1609 2943 1796 2980 comnis·
