1852 3242
747 213 1012 256 „7⁶2

93 339 135 379 in
163 339 338 379 Hecuba
366 337 558 384 dramate,
582 337 651 377 ubi
674 338 988 388 Polymestorem
1011 334 1107 374 facit
1138 343 1376 384 narrantem,
1403 331 1648 386 quemadmo

93 411 189 451 dum
232 410 427 449 Hecubae
467 410 564 449 dolo
604 410 731 448 oculis
777 409 827 448 sit
866 408 1053 458 privatus.
1118 410 1180 446 An
1224 415 1353 458 putas,
1395 407 1571 458 potuisse
1613 420 1661 446 ea

93 482 244 528 omnia,
277 493 381 532 quae
413 481 661 531 Polymestor
692 487 823 518 narrat
856 479 951 517 inde
983 491 1008 516 a
1048 491 1162 516 versu
1202 481 1310 516 1128
1354 491 1479 528 usque
1519 479 1570 517 ad
1603 492 1659 518 vs.

100 564 227 603 1150,
261 553 363 591 intra
395 552 584 602 temporis
616 552 787 602 spatium
820 550 906 589 fieri
935 547 1112 588 versibus
1142 562 1365 599 1004—13
1390 550 1659 600 circumscrip-

92 624 205 663 tum?
266 623 388 674 Atqui
422 624 494 662 hos
527 624 622 662 dum
644 623 786 661 recitat
807 622 964 667 chorus,
987 628 1112 659 totam
1136 633 1218 659 rem
1241 621 1378 671 peragi
1402 633 1567 660 necesse
1588 629 1659 660 est.

235 709 423 746 Poterunt
455 707 556 745 haec
588 714 627 745 et
658 705 804 744 similia
846 704 1030 749 conferri,
1076 704 1144 742 ubi
1188 711 1229 742 ut
1269 704 1310 742 in
1343 705 1519 743 Hercule
1553 704 1660 742 Euri-

93 779 207 830 pides
246 778 436 828 temporis
470 778 643 816 rationes
675 790 758 815 non
790 776 1016 826 respexerit.
1081 776 1386 813 Excusabuntur
1418 775 1561 814 autem⁴
1591 766 1660 813 tali

93 849 398 900 comparatione
420 861 494 887 nec
516 849 710 887 Hercules
733 859 864 897 neque
887 847 976 885 illae
998 845 1157 885 fabulae
1179 846 1393 896 Euripidis.
1443 848 1533 885 Iure
1554 847 1660 885 enim

95 922 318 972 Sophocles
350 920 660 970 comparabitur,
693 919 760 969 qui
793 919 833 956 in
866 918 991 956 Aiace
1014 918 1132 956 nullis
1156 930 1246 955 usus
1268 918 1474 967 praesidiis
1497 918 1549 956 ab
1573 917 1659 967 ipsa

93 993 252 1032 actione
299 992 440 1030 alienis
472 991 704 1029 continuum
738 989 856 1028 nobis
889 989 1078 1039 praebeat
1110 988 1279 1027 actionis
1312 1001 1468 1027 cursum
1513 989 1579 1035 ita,
1618 997 1659 1027 ut

93 1063 280 1103 omnibus
312 1062 490 1113 partibus
523 1063 624 1100 inter
655 1075 697 1100 se
729 1060 1041 1111 congruentibus
1073 1073 1269 1109 nusquam
1303 1067 1418 1110 aptus
1449 1073 1658 1099 scenarum

93 1142 212 1174 tenor
242 1133 462 1173 divellatur.
526 1133 611 1171 Nos
645 1140 774 1171 autem
818 1144 950 1181 neque
993 1131 1186 1169 laudandi
1229 1143 1360 1180 neque
1406 1131 1657 1181 vituperandi

92 1218 216 1244 causa
247 1205 319 1242 has
352 1204 640 1254 discrepantias
673 1203 924 1252 indagamus,
957 1202 1029 1240 sed
1070 1209 1122 1246 ut,
1169 1203 1279 1251 quod
1320 1202 1464 1251 cuique
1508 1215 1657 1251 curque

94 1275 296 1327 proprium
328 1274 390 1319 sit,
426 1274 641 1312 videamus.
707 1273 830 1323 Igitur
860 1273 912 1311 ad
956 1272 1076 1310 aliam
1120 1272 1384 1310 differentiam
1429 1273 1656 1322 progredia-

93 1359 191 1392 mur,
225 1358 330 1396 quae
364 1346 503 1384 iterum
537 1345 820 1395 simpliciorem
854 1357 941 1382 esse
972 1351 1095 1382 artem
1119 1343 1332 1394 Sophoclis
1365 1343 1541 1387 docebit,
1567 1344 1653 1382 sub-

91 1417 264 1456 tiliorem
298 1417 465 1456 sortasse
497 1416 712 1466 Euripidis.

236 1488 521 1527 Consideranti
554 1487 659 1526 enim
694 1499 798 1536 quae
841 1499 903 1524 res
947 1486 998 1524 ad
1043 1486 1245 1535 utriusque
1286 1486 1446 1524 fabulae
1489 1487 1654 1524 formam

92 1573 246 1599 summa
277 1559 459 1598 habuerit
491 1565 708 1604 momenta,
742 1558 872 1596 omnis
905 1558 986 1596 fere
1025 1557 1125 1595 inter
1156 1557 1398 1606 Sophoclem
1432 1564 1471 1595 et
1502 1557 1654 1606 Euripi·

91 1631 184 1670 dem
216 1630 442 1670 differentia
473 1642 522 1668 eo
554 1629 651 1667 mihi
682 1628 835 1666 videtur
868 1628 1009 1672 redire,
1043 1629 1152 1677 quod
1198 1629 1238 1666 in
1283 1627 1428 1667 divinis
1472 1629 1652 1678 personis

88 1701 326 1740 inducendis
360 1701 558 1740 diversam
589 1700 714 1739 secuti
745 1706 835 1738 sunt
867 1699 1074 1737 rationem.
1140 1700 1231 1737 Hac
1262 1699 1313 1737 de
1358 1711 1399 1737 re
1431 1699 1651 1737 accuratius

88 1785 290 1823 exponere
322 1785 469 1822 operae
502 1772 670 1821 pretium
703 1771 787 1809 erit.

231 1843 445 1893 'l'ragicam
480 1843 726 1881 Graecorum
760 1842 897 1892 poesin
932 1855 955 1879 a
987 1842 1124 1880 divino
1157 1842 1263 1879 cultu
1303 1854 1389 1880 esse
1433 1843 1650 1892 profectam

88 1922 127 1953 et
158 1913 353 1952 artissime
385 1926 476 1951 cum
507 1913 701 1962 religione
733 1913 853 1950 fuisse
884 1912 1152 1958 coniunctam,
1177 1913 1279 1950 inter
1309 1925 1448 1951 omnes
1480 1919 1647 1952 constat.

87 1986 221 2034 Atque
254 1985 371 2023 facile
404 1984 657 2033 intellegitur,
703 1983 877 2031 tragicos
910 1983 1012 2021 illius
1045 1983 1184 2021 aetatis
1230 1990 1368 2033 poetas
1410 1984 1526 2022 certis
1567 1985 1649 2034 qui-

87 2055 257 2094 busdam
300 2055 457 2104 legibus
502 2055 701 2092 obnoxios
744 2054 864 2092 fuisse
901 2053 1052 2103 vulgari
1097 2054 1261 2092 deorum
1306 2054 1496 2104 opinione
1540 2068 1648 2104 prae-

87 2126 257 2176 scriptis,
320 2126 423 2164 Nam
456 2138 546 2163 cum
579 2125 631 2163 de
662 2137 723 2170 ea,
757 2137 859 2174 quae
892 2124 993 2162 inter
1036 2125 1219 2163 homines
1263 2125 1443 2174 deosque
1484 2125 1647 2164 interce-

86 2197 210 2242 deret,
244 2196 399 2235 ratione
431 2197 531 2234 haec
563 2196 711 2233 valeret
742 2195 894 2245 opinio,
928 2203 968 2232 ut
1001 2195 1052 2233 ad
1085 2195 1262 2233 divinum
1286 2195 1488 2234 arbitrium
1512 2197 1649 2234 omnia

87 2274 376 2313 revocarentur,
408 2279 512 2316 quae
544 2266 772 2309 hominibus
805 2266 1045 2311 acciderent,
1071 2274 1213 2315 poetae
1245 2267 1439 2304 funestam
1472 2267 1645 2316 aliquam

85 2338 353 2376 calamitatem
387 2338 424 2375 in
459 2350 620 2375 scenam
653 2337 830 2375 afferenti
864 2337 904 2374 id
939 2337 1248 2386 proponebatur,
1282 2349 1405 2386 quam
1436 2338 1645 2377 constitue-

86 2417 143 2447 ret
192 2393 385 2447 rationem
434 2409 536 2446 inter
581 2408 758 2446 divinam
808 2408 1123 2446 moderationem
1173 2409 1471 2457 naturalemque
1518 2421 1644 2447 rerum

86 2481 345 2518 humanarum
377 2491 547 2516 cursum.
612 2478 902 2516 Moderationis
941 2486 1072 2516 autem
1117 2479 1282 2516 deorum
1326 2491 1522 2528 nusquam
1566 2487 1645 2518 tam

86 2550 295 2588 manifesta
327 2550 545 2587 cernebant
576 2549 743 2597 vestigia
775 2561 895 2598 quam
929 2549 968 2586 in
1001 2549 1144 2587 mentis
1175 2549 1339 2594 morbis,
1363 2550 1512 2599 quippe
1544 2563 1644 2599 quos

84 2634 109 2658 a
139 2620 306 2659 deorum
338 2619 538 2669 proficisci
573 2619 631 2657 ira
661 2631 710 2657 eo
743 2619 897 2656 facilius
929 2619 1004 2656 sibi
1049 2620 1344 2668 persuaderent,
1390 2632 1469 2669 quo
1515 2621 1644 2659 minus

85 2691 302 2729 naturalem
336 2703 472 2728 eorum
495 2690 689 2739 originem
723 2691 926 2728 habebant
949 2697 1211 2739 perspectam.
1277 2691 1493 2738 Quaerenti
1527 2691 1645 2741 igitur

84 2761 135 2799 de
167 2761 347 2799 insaniae
379 2761 486 2810 apud
518 2761 761 2810 Sophoclem
794 2768 832 2798 et
867 2761 1095 2810 Euripidem
1128 2761 1365 2799 tractatione
1408 2761 1643 2812 investigare

84 2844 184 2881 opus
216 2838 275 2869 est
307 2844 412 2880 quae
442 2831 520 2869 sint
553 2831 591 2868 in
626 2831 826 2880 utriusque
858 2831 1037 2869 dramate
1069 2831 1234 2869 deorum
1267 2840 1411 2882 partes.
1478 2835 1538 2871 De
1561 2846 1642 2882 quo

84 2908 125 2939 ut
157 2909 263 2940 recte
295 2909 418 2950 atque
449 2901 590 2939 ordine
621 2902 856 2951 disputetur,
890 2902 1059 2951 primum
1092 2915 1304 2952 exponam,
1339 2904 1546 2951 quomodo
1579 2917 1635 2942 ac-

83 2972 202 3010 tionis
246 2972 373 3010 tenori
416 2973 621 3010 inseruerit
654 2973 875 3021 Sophocles
924 2973 1158 3018 Minervam,
1204 2974 1347 3011 hidem
1394 2975 1641 3023 Lyssamque
