1884 3230
754 236 1051 273 -49-

120 350 266 407 ἕτερον
297 350 346 392 δὲ.
375 358 487 407 μέγα
519 351 759 409 τεκμήριον,
795 347 860 394 ὅτι
892 350 1022 396 οὐδὲν
1052 351 1284 411 θειότερόν
1323 351 1440 397 ἔστιν
1481 358 1573 398 ταῖν
1603 356 1685 398 λοι·

122 422 221 463 πᾶν
241 422 519 478 νουοημάτων
535 435 544 443 ·
580 417 683 465 τὸῐσι
716 422 800 480 γὰρ
830 423 1153 479 φλεγματώδεσι
1176 424 1302 479 φύσει
1321 433 1542 479 γίγνεται·
1575 437 1685 470 τοῖσι

121 486 170 534 δὲ
199 492 433 547 χολώδεσιν
463 487 513 537 οὗ
544 499 810 552 προσπίπτει
843 517 896 523 -—
932 517 986 522 -

263 564 389 603 Vides
419 565 537 615 igitur
567 578 649 604 non
681 566 924 604 extrinsecus
957 578 1046 604 esse
1083 567 1242 605 allatam
1286 567 1357 605 sed
1401 568 1680 618 disputationis

121 634 254 672 ordini
299 635 450 685 optime
497 636 683 675 insertam
718 636 916 675 ·furtivam
963 636 1078 675 istam
1125 638 1373 677 sententiam.
1447 639 1563 688 Quae
1594 653 1685 678 cum

121 705 176 743 ita
207 706 297 751 sint,
341 707 506 756 putidae
551 707 784 746 imitationis
827 719 988 746 movere
1031 708 1298 758 suspicionem
1345 710 1452 748 hunc
1498 710 1587 748 libri
1633 711 1686 749 de

122 775 264 814 morbo
307 789 423 815 sacro
468 778 615 824 locum,
663 790 746 816 non
793 790 956 828 possum
996 779 1222 817 concedere
1253 780 1508 819 Ermerinsio.
1574 781 1685 830 Quin

122 847 368 886 contendere
398 848 539 894 ausim,
571 849 692 898 longe
723 849 915 887 maiorem
949 849 1027 887 vim
1065 849 1380 900 gravitatemque
1425 848 1506 889 hic*
1536 852 1686 890 habere

121 918 202 956 tale
254 926 531 968 argumentum
585 932 707 969 quam
759 920 867 970 apud
919 926 1109 958 tractatus
1156 921 1208 958 de
1255 933 1360 967 aere,
1407 922 1534 972 aquis,
1586 923 1686 961 locis

123 995 339 1029 auctorem.¹

224 1100 227 1101 γ
269 1061 404 1110 Atque
435 1062 557 1111 plane
587 1061 741 1111 liquent
770 1073 862 1100 meo
894 1061 1044 1100 iudicio
1066 1062 1215 1107 omnia,
1248 1062 1281 1100 si
1312 1070 1522 1112 utrumque
1552 1064 1685 1102 locum

123 1130 271 1181 pariter
317 1132 554 1171 ascribimus
588 1132 841 1183 Hippocrati.
916 1134 977 1171 Ita
1023 1132 1129 1171 enim
1176 1133 1327 1183 optime
1373 1134 1604 1184 intelligitur
1647 1142 1687 1173 et

123 1202 334 1241 verborum
366 1210 584 1242 concentus
631 1210 670 1241 et
701 1204 1007 1254 argumentandi
1039 1204 1202 1241 rationis
1234 1204 1333 1242 mira
1364 1205 1594 1243 similitudo.
1629 1228 1685 1234 —q

265 1274 398 1323 Atque
428 1274 481 1312 de
510 1274 734 1312 imitatione
765 1274 842 1312 ista
874 1275 1078 1314 hactenus.
1147 1275 1328 1313 Transeo
1369 1275 1420 1313 ad
1460 1275 1682 1314 orationem

124 1344 275 1394 ipsam,
323 1357 428 1393 quae
472 1352 515 1383 ut
568 1345 772 1383 dissimilis
832 1345 1003 1395 simplici
1055 1352 1275 1383 ceterorum
1342 1358 1507 1395 operum
1566 1352 1687 1395 atque

124 1414 243 1452 nimis
289 1415 502 1454 abundans
542 1415 760 1454 ratiociniis
803 1428 894 1453 cum
939 1415 1027 1454 aliis
1077 1416 1310 1454 recentioris
1353 1416 1493 1454 aetatis
1540 1416 1687 1454 criticis

124 1485 325 1534 genuinae
367 1486 493 1524 libelli
536 1486 701 1536 originis
750 1486 924 1536 aliquam
966 1487 1090 1526 movit
1122 1487 1428 1532 dubitationem,
1471 1494 1554 1524 tum
1598 1499 1686 1536 spu-

125 1555 224 1594 riam
271 1556 356 1595 eius
402 1557 580 1596 indolem
627 1557 774 1596 diserte
819 1564 984 1595 testatur
1030 1539 1288 1596 Ermerin'sio.
1379 1559 1451 1595 ‹In
1496 1557 1686 1605 talibus«,

125 1626 268 1676 inquit,
306 1627 463 1677 »potius
504 1628 700 1667 rhetorem
742 1641 790 1666 ac
834 1629 1054 1678 sophistam
1085 1628 1223 1667 audire
1254 1628 1351 1666 mihi
1383 1628 1533 1675 videor,
1566 1640 1687 1678 quam

126 1709 262 1735 senem
294 1697 464 1738 Coum«

269 1769 425 1807 Vellem
457 1770 638 1819 profecto
670 1770 866 1810 rationem
897 1770 1101 1810 habuisset
1132 1769 1191 1808 vir
1234 1769 1489 1809 doctissimus
1533 1782 1685 1816 eorum,

128 1852 232 1889 quae
263 1839 377 1879 Dietz
409 1849 550 1880 contra
580 1842 730 1880 similes
763 1842 933 1881 Gruneri
967 1849 1004 1881 et
1036 1842 1192 1880 Halleri
1239 1842 1412 1880 rationes
1458 1841 1686 1891 disputavit,

128 1910 168 1948 iu
199 1911 345 1960 quibus
377 1918 482 1950 totus
529 1912 610 1951 fere
656 1912 936 1962 acquieverim.
996 1913 1078 1951 Suo
1127 1912 1232 1950 enim
1279 1911 1363 1950 iure
1410 1911 1545 1950 dicere
1590 1911 1688 1950 mihi

127 1981 282 2020 videtur
311 1982 353 2032 (l.
386 1983 412 2021 l.
447 1995 540 2033 pgg.
575 1979 740 2033 89l90),
789 1984 899 2033 quod
946 1983 997 2021 ad
1041 1983 1174 2021 stilum
1221 1982 1398 2029 attineat,
1446 1994 1578 2032 neque
1616 1993 1689 2032 par

128 2064 216 2091 esse
247 2065 269 2091 e
300 2060 521 2092 ceterorum
554 2054 817 2104 Hippocratis
849 2054 1084 2104 scriptorum
1117 2054 1299 2092 examine
1331 2060 1480 2092 certum
1520 2053 1572 2091 de
1604 2053 1687 2090 uni·

127 2135 242 2162 versa
272 2124 356 2162 eius
388 2124 540 2163 ratione
571 2124 772 2163 scribendi
803 2125 978 2163 stabilire
1009 2124 1213 2170 iudicium,
1247 2131 1297 2170 et,
1334 2123 1367 2162 si
1411 2136 1490 2173 qua
1530 2123 1579 2161 sit
1621 2123 1688 2161 hu-

130 2193 238 2232 iusce
269 2194 393 2233 libelli
426 2196 478 2233 ab
510 2196 677 2234 aliorum
709 2196 964 2245 simplicitate
995 2195 1215 2242 diversitas,
1249 2207 1338 2233 eam
1370 2194 1466 2232 satis
1499 2193 1688 2244 explicari

130 2265 290 2314 propria
320 2266 540 2316 argumenti
571 2273 726 2306 natura.
775 2268 840 2304 An
862 2267 934 2312 vis,
969 2266 1139 2304 eundem
1165 2265 1296 2304 inesse
1327 2265 1459 2303 stilum
1491 2265 1531 2302 in
1563 2263 1687 2310 libris,

131 2335 276 2384 quibus
307 2337 369 2375 vel
401 2338 632 2375 morborum
664 2337 851 2376 historiae
882 2344 1087 2376 narrentur
1118 2337 1180 2375 vel
1213 2336 1362 2374 iudicia
1394 2341 1690 2385 praeceptaque

131 2406 289 2445 medica
319 2415 580 2457 exponantur,
631 2415 751 2458 atque
798 2408 838 2446 in
872 2420 933 2453 eo,
967 2419 1047 2458 quo
1091 2407 1221 2445 morbi
1252 2406 1460 2444 cuiusdam
1492 2406 1595 2443 iusta
1626 2416 1690 2442 cu-

131 2477 232 2516 ratio
263 2478 406 2517 acriter
437 2491 461 2517 a
491 2479 651 2518 nefariis
683 2491 888 2529 magorum
922 2478 1072 2517 artibus
1094 2477 1332 2517 defendatur
1363 2483 1403 2515 et
1428 2477 1553 2516 falsae
1583 2476 1690 2526 vulgi

132 2548 343 2598 opiniones
374 2547 678 2599 impugnentur!

275 2632 396 2669 Porro
427 2639 559 2671 autem
591 2632 632 2670 in
663 2632 767 2671 libro
798 2632 850 2671 de
882 2644 986 2678 aere,
1019 2631 1145 2681 aquis,
1178 2630 1278 2670 locis
1301 2642 1391 2669 vere
1412 2630 1689 2681 Hippocrateo

133 2700 311 2740 eiusdem
343 2702 535 2741 orationis
567 2703 724 2754 generis
756 2703 928 2752 insignia
959 2703 1152 2742 habemus
1197 2702 1393 2752 exempla,
1442 2713 1548 2750 quae
1595 2700 1690 2739 satis

133 2772 362 2820 ostendunt,
395 2773 560 2812 minime
592 2774 644 2812 ab
676 2773 925 2824 Hippocrate
956 2773 1049 2812 talia
1081 2773 1202 2812 fuisse
1231 2773 1377 2811 aliena.
1442 2772 1579 2820 Quare
1601 2783 1690 2810 cum

134 2844 259 2882 altero
316 2844 408 2882 loco
465 2845 677 2883 toleremus
729 2844 988 2894 Hippocratis
1037 2843 1221 2882 subtilem
1281 2844 1321 2881 in
1376 2843 1483 2893 vulgi
1541 2854 1691 2881 errores

134 2914 531 2965 argumentationem,
563 2927 646 2954 non
678 2915 810 2961 video,
844 2927 913 2953 cur
946 2915 1070 2953 altero
1103 2914 1202 2952 ferre
1235 2914 1418 2952 nolimus.

278 2985 463 3036 Sequitur
509 2986 589 3026 alia
634 2985 865 3026 Ermerinsii
912 2985 1134 3034 dubitatio,
1183 2997 1306 3036 quam
1351 2984 1522 3024 similem
1570 2983 1694 3025 movit
