1916 3250
687 222 945 259 -3-

29 340 172 380 mentis
205 340 414 379 sanitatem
458 339 499 376 in
541 351 702 377 scenam
735 340 1005 389 eccyclemate
1049 348 1231 379 movetur
1272 340 1402 389 Aiax3
1443 340 1593 378 circum

30 424 149 462 quem
182 410 292 449 humi
324 410 456 448 iacent
487 410 685 459 pecudum
717 410 926 448 cadavera.

174 482 250 520 His
281 482 363 520 fere
391 481 711 519 adumbraverim
736 481 948 531 Sophoclis
979 482 1151 529 fabulae,
1177 495 1280 532 quae
1312 483 1364 521 ad
1395 482 1593 521 insaniam

29 554 212 604 pertinet,
245 559 412 603 partem.
476 552 739 590 Conferamus
772 552 973 602 Euripidis
1005 553 1192 592 fabulam.

172 625 267 662 Post
296 623 452 662 tertium
484 623 688 670 dramatis,
714 624 825 672 quod
857 624 976 673 vulgo
1008 623 1234 662 inscribitur
1252 619 1467 681 τΗροεκλῆς
1496 641 1594 678 μαι,

30 693 223 750 νόμενος,
254 694 472 738 Stasimum,
507 706 588 742 quo
620 694 806 731 Herculis
833 694 1035 732 redeuntis
1067 695 1236 744 gloriam
1282 695 1402 734 etiam
1437 702 1593 733 auctam

29 778 131 805 nece
162 765 336 804 liberatis
368 771 480 814 patre
512 776 634 802 uxore
666 764 802 802 liberis
834 764 997 802 summis
1034 765 1220 803 laudibus
1253 766 1471 804 celebravit
1502 765 1595 803 cho-

30 850 106 883 rus,
139 838 180 875 in
212 836 402 875 machina
433 835 734 884 conspiciuntur
765 836 837 872 Iris
881 842 920 873 et
951 837 1088 885 Lyssa.
1151 837 1317 875 Nuntiat
1354 837 1478 875 choro
1510 849 1594 887 per-

30 909 166 948 territo
197 907 285 953 Iris,
317 908 512 944 Iunonem
546 905 686 943 iratam
728 906 926 944 insaniam
962 907 1093 944 statim
1125 919 1213 946 esse
1257 907 1520 946 immissuram
1554 908 1594 946 in

30 980 248 1019 Herculem
281 978 594 1026 adhortaturque
626 977 805 1025 Lyssam,
837 984 879 1014 ut
912 985 1085 1015 mentem
1117 978 1200 1016 eius
1232 979 1363 1017 turbet
1394 979 1596 1016 omnibus-

30 1063 111 1102 que
140 1049 327 1089 vesaniae
357 1048 488 1087 modis
520 1055 648 1086 vexet.
714 1048 832 1096 Quae
875 1048 1058 1097 quamvis
1099 1061 1218 1099 aegre
1259 1050 1464 1095 obsecuta,
1499 1062 1595 1099 quo—

29 1123 139 1161 niam
171 1121 322 1171 optime
361 1120 412 1158 de
455 1119 532 1157 diis
577 1118 888 1168 hominibusque
919 1119 1081 1157 meritus
1125 1120 1175 1158 sit
1209 1121 1414 1165 Hercules,
1460 1129 1595 1159 tamen

29 1193 187 1244 ingrato
218 1203 382 1229 munere
413 1189 523 1239 fungi
555 1202 599 1253 se
629 1189 731 1227 velle
763 1189 871 1227 dicit.
936 1190 1160 1239 Statimque
1202 1191 1329 1239 prima
1359 1191 1500 1229 furoris
1533 1204 1595 1229 ve-

30 1264 149 1314 stigia
179 1263 220 1300 in
253 1261 429 1300 Hercule
460 1260 772 1310 conspiciuntur.
838 1260 1198 1299 Vehementissime
1242 1269 1458 1310 permotus,
1491 1268 1595 1311 post-

31 1347 152 1385 quam
186 1333 284 1372 abiit
314 1334 452 1382 Lyssa,
486 1339 528 1370 ut
560 1331 648 1381 ipsa
680 1331 747 1377 ait,
780 1331 821 1368 in
853 1331 1018 1369 domum
1050 1332 1248 1377 Herculis,
1272 1344 1420 1370 novum
1452 1333 1596 1370 chorus

31 1406 139 1445 canit
169 1404 382 1443 canticum.
447 1403 650 1451 Quantum
682 1414 777 1440 vero
799 1414 888 1439 cum
911 1414 974 1448 ec,
1000 1403 1110 1451 quod
1132 1403 1347 1449 antecedit,
1371 1401 1594 1452 discrepat!

32 1477 160 1516 Modo
192 1475 377 1514 Herculis
409 1474 646 1512 lamentatur
681 1472 962 1517 calamitatem,
997 1473 1119 1511 modo
1151 1474 1203 1511 ad
1235 1474 1399 1512 domum
1429 1473 1598 1511 attendit

6 1548 209 1587 ”animum
241 1546 394 1584 minam
427 1545 608 1582 daturam
641 1543 901 1592 versibusque
932 1543 1108 1582 tristibus
1141 1544 1317 1593 singulas
1349 1544 1598 1593 persequitur

33 1618 211 1657 insaniae
233 1623 363 1667 partes
395 1615 500 1653 intus
523 1622 650 1652 actae.
703 1615 917 1662 Postquam
941 1621 1170 1652 corruerunt
1204 1614 1338 1660 aedes,
1361 1615 1401 1652 in
1434 1627 1596 1653 scenam

34 1689 168 1740 prodit
199 1687 373 1733 nuntius,
407 1698 488 1724 non
521 1685 587 1723 ille
619 1684 751 1723 statim
782 1697 863 1722 rem
897 1697 1086 1723 enarrans
1117 1685 1189 1723 sed
1211 1685 1436 1723 summatim
1471 1685 1598 1734 magis

9 1750 302 1799 ⁴calamitatem
325 1771 411 1797 esse
442 1763 646 1807 peractam
678 1756 876 1796 indicans.
938 1757 1070 1794 Iussus
1102 1768 1196 1795 vero
1228 1769 1310 1795 rem
1342 1769 1502 1794 omnem
1534 1768 1598 1794 ex-

36 1843 200 1881 ponere,
234 1837 462 1868 accuratam
495 1827 661 1865 instituit
693 1827 880 1865 Herculis
912 1827 1092 1865 insaniae
1123 1827 1405 1866 narrationem.

179 1913 367 1962 Sequitur
399 1911 511 1949 chori
542 1923 717 1959 carmen,
741 1922 822 1960 quo
855 1910 1111 1959 conqueritur
1130 1922 1270 1948 necem
1305 1909 1437 1948 uxoris
1457 1910 1600 1948 libero-

37 1997 203 2034 rumque
248 1985 300 2022 ab
346 1983 522 2021 Hercule
564 1989 833 2032 perpetratam
878 1981 1144 2030 miseramque
1176 1980 1259 2019 eius
1291 1989 1450 2019 sortem.
1513 1983 1598 2020 Iam

0 2091 2 2094 .
36 2069 132 2094 vero
165 2049 383 2107 Herculem
425 2054 554 2104 ipsum
600 2053 742 2103 aspicit
782 2052 853 2102 (vs.
907 2052 1033 2101 1017)
1072 2051 1111 2089 in
1153 2064 1314 2090 scenam
1357 2060 1597 2101 promotum.

39 2128 172 2176 Quem
207 2126 355 2164 circum
390 2124 652 2163 dormientem
701 2123 995 2162 interfectorum
1042 2122 1175 2161 iacent
1219 2123 1427 2162 cadavera.
1493 2125 1599 2162 Dum

38 2198 199 2236 alternis
231 2197 410 2235 versibus
441 2195 678 2244 Amphitryo
710 2202 747 2233 et
780 2195 924 2232 chorus
962 2206 1044 2231 rem
1076 2194 1284 2243 lugubrem
1319 2194 1600 2233 commiseran-

38 2278 113 2316 tur‚
148 2268 344 2306 Hercules
376 2267 485 2316 gravi
525 2278 669 2304 somno
701 2265 800 2303 solvi
833 2264 994 2315 incipit,
1027 2264 1137 2314 quod
1169 2264 1470 2314 Amphitryonis
1501 2265 1601 2304 indi-

37 2346 133 2379 cant
172 2339 308 2378 verba.
371 2337 580 2376 Paullatim
624 2337 772 2375 deinde
804 2336 856 2374 ad
889 2335 1163 2385 aspiciendam
1209 2336 1338 2373 lucem
1378 2343 1599 2384 revocatus,

38 2411 139 2461 quid
184 2417 316 2449 actum
359 2409 434 2454 sit,
480 2420 641 2458 prorsus
688 2407 878 2457 ignorans
925 2406 977 2444 ab
1016 2406 1306 2455 Amphitryone
1349 2406 1402 2445 de
1444 2406 1602 2446 insania

38 2482 241 2521 edocetur.

185 2550 442 2601 Comparanti
465 2549 669 2599 utriusque
691 2549 851 2587 fabulae
882 2547 1104 2598 argumenti
1126 2547 1294 2586 formam
1327 2547 1367 2586 in
1390 2560 1438 2586 eo
1470 2548 1601 2587 statim

39 2636 188 2673 magna
219 2621 427 2671 apparebit
458 2620 696 2665 differentia,
729 2620 839 2669 quod
873 2618 974 2656 Aiax
1007 2618 1084 2656 iarn
1116 2618 1156 2655 in
1189 2619 1359 2657 furorem
1393 2619 1533 2657 incidit
1563 2626 1603 2657 et

38 2702 165 2734 totum
188 2694 269 2732 fere
291 2692 530 2742 perpetravit
551 2691 735 2729 insanum
769 2690 934 2735 facinus,
958 2696 1172 2738 antequam
1198 2689 1426 2728 exordiatur
1446 2690 1603 2728 fabulae

40 2765 159 2810 actio,
194 2763 379 2801 Herculis
419 2774 512 2800 vero
552 2761 708 2799 insania
741 2768 823 2798 tum
855 2760 1016 2798 demum
1065 2759 1224 2805 accidit,
1258 2772 1348 2798 cum
1393 2760 1494 2799 finiti
1525 2761 1604 2799 sint

40 2843 119 2874 tres
151 2834 342 2873 dramatis
363 2823 498 2871 actus.
552 2832 674 2880 Quod
706 2832 757 2870 ad
790 2830 1071 2870 oeconomiam
1104 2830 1327 2869 fabularum
1359 2844 1506 2880 magna
1536 2832 1602 2869 ha-

41 2906 127 2946 buit
158 2911 373 2944 momenta.

183 2974 321 3015 Aiacis
353 2974 471 3025 igitur
501 2974 655 3014 facinus
686 2985 777 3013 cum
809 2973 1009 3013 accideret
1040 2972 1199 3013 silentio
1230 2973 1373 3021 noctis,
1406 2971 1603 3012 dormien-
