1884 3230
771 189 1067 226 ‚31-

141 306 372 345 Schuetzius
402 306 443 345 in
476 306 760 356 posterioribus
793 306 1036 345 editionibus
1068 319 1090 346 e
1113 308 1264 346 Stanlei
1288 309 1568 348 emendatione
1589 309 1697 364 ἡνιο-

141 380 310 433 στροφῶ·
340 377 520 427 scripsit;
555 378 798 416 Wellauerus
831 378 1053 423 dubitabat,
1088 386 1215 417 utrum
1249 379 1300 417 ad
1345 380 1573 429 analogiam
1616 393 1696 418 ver-

139 447 281 485 borum
334 442 535 503 ὗστερεῑν,
583 457 816 503 προτερεῖν,
854 448 1039 486 similium
1095 449 1259 487 verbum
1311 456 1414 487 esset
1466 450 1696 498 fingendum

138 515 388 571 ἐξωτερῶ
419 530 470 556 an
502 518 732 567 ponendum
766 514 847 566 ἔξω
881 521 1012 571 περῶ,
1048 531 1216 568 quorum
1238 526 1419 557 neutrum
1442 533 1531 558 eum
1555 521 1595 557 in
1618 528 1696 559 tex-

138 595 219 626 tum
253 588 431 637 recipere
462 600 549 626 esse
579 601 735 634 ausum,·
764 601 846 626 non
879 596 951 635 est,
984 601 1054 626 cur
1084 590 1282 628 miremur.

281 671 340 708 Ex
386 670 446 708 his
485 671 724 709 coniecturis
766 672 892 710 fateor
923 684 975 710 ne
1006 684 1126 709 unam
1160 672 1321 721 quidem
1364 673 1567 711 veritatem
1600 673 1696 711 mihi

137 741 263 780 videri
295 748 516 779 assecutam
550 753 647 781 esse.
700 742 914 779 Wellaueri
946 742 1051 780 enim
1083 742 1203 779 verba
1234 740 1257 782 ἒ
1272 740 1499 798 ξωτερᾱΐ
1527 750 1565 781 et
1594 741 1695 791 ἔξω

138 814 290 868 περῶ
320 818 529 861 propterea
561 825 585 850 a
615 812 752 850 limine
785 812 987 850 reicienda
1018 819 1120 858 sunt,
1155 813 1263 861 quod
1296 814 1460 850 alterum
1499 825 1694 862 nusquam

136 883 254 920 totius
286 882 526 920 Graecitatis
567 882 684 920 nobis
728 884 909 928 occurrit,
955 883 1119 921 alterurn
1163 895 1270 930 vero,
1318 883 1509 932 quoniam
1554 881 1696 939 περᾶν

137 965 293 1002 semper
321 959 387 990 aut
419 953 605 1002 progredi
637 961 703 990 aut
735 953 957 1002 transgredi
980 953 1188 1002 significet,
1213 966 1343 1003 neque
1377 954 1481 992 bene
1504 955 1694 992 hocloco

135 1035 225 1061 eum
257 1035 358 1061 voce
389 1020 472 1071 ἔξω
514 1023 766 1073 coniungitur
808 1035 883 1061 nec
930 1030 1064 1072 aptum
1111 1024 1278 1073 praebet
1317 1036 1489 1063 sensum.
1553 1025 1695 1073 Neque

134 1094 328 1132 minorem
361 1093 650 1132 dubitationem
696 1094 851 1132 tertium
895 1094 990 1131 mihi
1032 1101 1164 1132 movet
1207 1095 1370 1132 verbum
1411 1094 1691 1150 ἡνιοστροφῶ.

135 1165 244 1214 quod
277 1164 507 1202 Schuetzius
539 1164 759 1214 proposuit.
822 1165 879 1202 Ut
910 1164 1015 1202 enim
1049 1165 1292 1213 usurpaverit
1324 1165 1489 1202 omnino
1522 1166 1692 1214 Aeschy-

133 1235 194 1273 lus
234 1234 474 1272 rarissimam
519 1234 624 1272 hanc
667 1246 822 1282 vocem,
869 1246 974 1283 quae
1014 1235 1138 1272 semel
1180 1234 1322 1283 legitur
1363 1235 1471 1284 apud
1504 1235 1692 1274 Euridem

132 1306 282 1343 Phoen.
317 1317 372 1344 vs,
413 1316 506 1352 172,
541 1305 771 1342 adversatur
802 1311 935 1343 tamen
970 1317 1088 1353 quam
1121 1305 1313 1343 acerrime
1344 1312 1428 1343 tota
1457 1306 1537 1343 loci
1567 1306 1692 1343 nostri

137 1376 343 1414 sententia.
408 1374 518 1422 Quid
549 1373 681 1413 enim!
744 1376 915 1413 Putasne
947 1387 1082 1413 revera
1114 1375 1166 1413 de
1198 1387 1259 1420 e0,
1283 1375 1352 1425 qui
1373 1376 1589 1425 perturbati
1612 1376 1692 1414 ani-

132 1446 186 1484 mi
218 1453 348 1484 motus
380 1445 579 1483 moderari
610 1452 794 1494 nequeat,
829 1446 1007 1494 usurpari
1038 1457 1158 1494 posse
1188 1445 1351 1483 verbum
1384 1445 1689 1500 ἤνιοστροφεῐν,

132 1516 241 1565 quod
273 1515 470 1565 significat
500 1515 678 1553 habenas
709 1515 873 1564 regere?
935 1515 1081 1553 Nonne
1103 1515 1303 1564 discrepat
1325 1516 1580 1554 vehementer
1601 1529 1690 1555 cum

131 1593 215 1624 tota
247 1586 423 1636 imagine
453 1593 492 1624 et
524 1598 614 1623 cum
647 1586 790 1629 verbis,
825 1598 929 1634 quae
961 1593 1198 1634 sequuntur:
1250 1592 1421 1643 φέρουσι
1452 1585 1537 1643 γάρ
1570 1586 1687 1629 νικώ-

127 1671 261 1709 μενον
291 1660 442 1712 φρένες
472 1652 729 1712 δύσαρκτοιὲ
791 1657 947 1706 Nempe
978 1656 1023 1702 is,
1057 1657 1125 1705 qui
1170 1657 1350 1695 habenas
1392 1669 1528 1706 regere
1568 1659 1687 1704 valet,

129 1727 231 1765 intra
262 1726 446 1765 curriculi
477 1726 646 1775 spatium
680 1739 766 1764 sese
798 1727 1003 1765 continere
1035 1733 1177 1776 potest.
1237 1728 1365 1764 Immo
1398 1727 1439 1766 id
1471 1727 1599 1777 ipsum
1632 1728 1688 1766 di-

129 1809 219 1835 cere
250 1797 333 1834 vult
363 1803 496 1846 poeta,
530 1797 639 1846 abigi
671 1798 854 1836 Orestem
888 1810 911 1835 a
942 1803 1051 1835 certo
1084 1797 1266 1834 curriculi
1297 1798 1427 1846 spatio
1459 1810 1541 1835 non
1565 1798 1688 1847 ipsius

130 1868 332 1905 voluntate
363 1867 434 1905 sed
466 1867 504 1904 vi
536 1867 670 1915 aliqua
702 1867 859 1912 invicta,
893 1867 956 1904 cui
988 1867 1169 1916 quamvis
1198 1867 1381 1905 resistens
1404 1868 1547 1906 cedere
1569 1869 1686 1906 debe-

129 1945 178 1975 at.
243 1939 376 1986 Atque
408 1937 542 1985 miror,
574 1949 626 1975 ne
656 1937 1000 1975 Wilamowitzium
1033 1937 1193 1986 quidem
1226 1938 1303 1975 hoc
1343 1938 1507 1975 verbum
1538 1939 1577 1976 in
1609 1946 1688 1977 tex-

128 2015 210 2045 tum
243 2008 419 2057 recipere
451 2007 669 2051 dubitasse,
704 2007 770 2056 qui
802 2014 912 2045 tanta
943 2007 1080 2045 iudicii
1111 2008 1354 2057 praestantia
1374 2009 1426 2046 de
1447 2008 1686 2058 imaginibus

128 2078 169 2116 in
199 2078 466 2116 describenda
496 2077 654 2115 insania
683 2077 884 2115 adhibitis.
904 2062 1099 2115 disseruit.

269 2150 355 2186 Iam
386 2160 481 2186 vero
513 2159 562 2186 eo
594 2148 857 2197 pervenimus,
892 2155 933 2185 ut
965 2148 1018 2186 ad
1050 2149 1214 2186 alteram
1247 2149 1492 2197 quaestionis
1534 2157 1684 2199 partem

129 2219 322 2257 accedere
353 2225 549 2268 oporteat,
582 2231 676 2256 num
708 2218 827 2257 liceat
858 2230 992 2257 versus
1030 2231 1152 2267 1019.
1191 2232 1255 2257 20.
1290 2219 1328 2256 in
1371 2220 1485 2258 unius
1526 2221 1684 2258 enunci-

127 2290 180 2328 ati
213 2290 380 2327 formam
412 2289 604 2338 redigere.

271 2360 408 2398 Habet
438 2359 539 2398 haee
570 2359 801 2398 coniunctio
834 2372 953 2398 unam
986 2359 1261 2399 difficultatem
1293 2372 1462 2410 eamque
1493 2361 1600 2400 haud
1632 2362 1683 2400 le-

128 2443 230 2476 vem,
263 2430 373 2480 quod
403 2428 488 2485 γάρ
519 2430 725 2479 particula,
771 2442 875 2479 quae
918 2439 976 2469 est
1019 2431 1059 2468 in
1100 2443 1212 2469 versu
1263 2444 1386 2475 1020,
1431 2432 1588 2481 longius
1630 2433 1682 2470 ab

127 2501 241 2539 initio
273 2501 391 2539 totius
422 2501 643 2539 sententiae
674 2507 827 2539 remota
857 2508 928 2538 est.
993 2501 1110 2549 Quae
1142 2501 1356 2539 difficultas
1388 2502 1586 2550 mitigatur
1608 2503 1681 2540 for-

127 2578 245 2618 tasse,
263 2583 344 2609 non
366 2570 515 2609 tollitur
530 2572 727 2620 exemplo,
746 2572 855 2620 quod
872 2571 1099 2610 Philoctetis
1117 2572 1299 2610 obferunt
1316 2583 1450 2609 versus
1474 2585 1522 2619 14
1529 2569 1603 2621 50]
1608 2583 1627 2622 5
1641 2586 1656 2610 1
1671 2583 1679 2612 :

549 2639 699 2698 καιρὸς
727 2646 802 2682 καῖ
833 2640 966 2688 πλους

551 2708 618 2753 δ’δ’
648 2711 810 2762 ἐπείγει
842 2710 924 2767 γάρ
955 2710 1070 2754 κατά
1104 2708 1324 2768 πρύμναν.

269 2782 372 2821 Nam
418 2782 457 2820 in
491 2782 711 2820 Hermanni
754 2794 856 2831 quae
900 2794 947 2820 ex
990 2782 1150 2830 tragicis
1190 2783 1329 2828 attulit,
1374 2783 1565 2832 exemplis
1595 2782 1680 2840 γάρ

128 2865 267 2902 parum
298 2852 484 2890 inusitate
515 2852 755 2890 collocatum
799 2859 870 2897 est,
917 2864 1037 2901 quam
1082 2859 1122 2890 ut
1165 2853 1343 2890 subsidio
1385 2865 1472 2892 esse
1517 2861 1680 2903 possent

94 2948 97 2950 -
127 2929 264 2963 nostro
294 2923 399 2962 loco.
461 2923 649 2974 Denique
679 2934 728 2962 eo
759 2923 930 2963 fortasse
956 2931 1164 2963 excusatur
1194 2923 1347 2973 aliquid
1377 2923 1564 2964 inusitata
1593 2936 1679 2975 par-
