1852 3242
206 331 431 384 EuripideS,
479 332 629 373 deinde
660 332 713 373 de
745 331 930 372 universa
961 329 1088 372 divini
1128 329 1280 372 arbitrii
1311 337 1508 385 potestate
1538 344 1675 386 panem
1694 331 1782 383 idio·
1832 306 1852 375 ‘i

206 417 352 445 seram.
1755 421 1759 429 ¹
1804 379 1852 445 ‘i

354 478 486 526 Atque
518 476 690 526 primum
723 475 889 526 quidem
920 489 971 515 eo
1003 475 1191 515 differunt
1221 476 1444 527 Sophocles
1484 484 1525 517 et
1555 476 1802 528 Euripiden·
1836 458 1852 508 ί

208 547 322 598 quod
357 547 397 585 in
429 547 556 586 Aiace
587 560 762 598 persona
807 547 945 586 divina
985 547 1214 586 necessaria
1254 547 1442 587 dramatis
1486 555 1546 588 est
1589 561 1695 599 pars.
1732 547 1783 594 ,in
1845 533 1852 569 l

208 618 386 658 Hercule
414 631 509 658 vero
542 619 657 668 quasi
689 618 934 657 extrinsecus
981 618 1103 658 allata
1145 618 1257 656 nullo
1300 618 1445 658 artiore
1486 619 1648 658 vinculo
1676 605 1784 665 omn
1844 624 1848 639 ²

208 690 296 741 ipsa
328 689 488 728 actione
520 702 625 728 nexa
656 696 728 729 est.
795 690 889 738 Qua
921 689 961 727 in
1008 702 1048 727 re
1091 696 1337 740 quantopere
1383 690 1541 729 differat
1573 703 1598 729 a
1629 687 1785 742 Sophoss
1850 703 1852 705 ’

208 761 270 799 cle
294 759 520 810 Euripides,
554 759 705 810 optime
737 759 1008 810 dignoscetur,
1039 759 1071 798 si
1103 759 1295 810 Sophocli
1329 760 1565 807 Minervam,
1602 759 1785 813 Euripidi

210 833 380 881 Lyssam
437 831 741 882 dempserimus,
821 832 989 871 Corruet
1035 830 1165 883 Aiax3
1211 832 1292 872 sere
1339 832 1510 871 intactus
1560 833 1786 874 remanebit

210 906 419 944 Hercules.
1760 948 1765 949 ⁷

354 977 488 1027 Atque
521 977 572 1016 de
606 977 790 1031 Minerva
822 977 886 1015 vix
908 983 1011 1023 sunt,
1036 989 1140 1027 quae
1163 989 1362 1016 moneam.
1428 977 1512 1016 Iam
1537 976 1645 1016 enim
1666 988 1786 1029 supra

209 1048 395 1095 vidimus,
429 1049 540 1087 nullo
573 1061 734 1099 prorsus
767 1058 888 1099 pacto
920 1047 1079 1099 prologi
1111 1061 1253 1087 scenas
1285 1048 1326 1087 in
1353 1048 1479 1087 Aiace
1501 1061 1621 1099 posse
1641 1047 1784 1106 omitti,

210 1120 360 1169 quippe
394 1132 498 1170 quae
531 1120 825 1170 expositionem
857 1120 1101 1158 contineant·
1124 1121 1299 1160 fabulae.
1364 1121 1648 1170 Insequentem
1690 1124 1787 1170 ηιμ-ο

211 1190 402 1230 dramatis
435 1198 586 1241 partem
636 1192 690 1230 ita
740 1191 954 1230 instituisse
1004 1191 1260 1242 Sophoclem,
1307 1198 1348 1230 ut
1403 1191 1571 1241 intelligi
1611 1175 1788 1242 nequeat

211 1262 361 1300 omissa
393 1261 601 1301 Minervae
634 1275 820 1313 persona,
856 1262 1001 1313 insigni
1036 1269 1229 1302 testantur
1261 1263 1447 1313 exemplo
1470 1263 1713 1308 Tecmessae
1733 1261 1787 1308 de

211 1333 311 1372 mira
341 1333 479 1371 Aiacis
511 1346 601 1373 curn
635 1334 778 1380 umbra
808 1333 1079 1372 collocutione
1123 1333 1247 1372 verba
1276 1333 1371 1383 (vSS.
1409 1346 1488 1382 301
1526 1335 1671 1385 seqq.),
1703 1332 1787 1384 qui·

213 1405 287 1442 bus
331 1404 383 1442 ad
432 1404 638 1443 Minervae
684 1404 900 1454 Aiacisque
956 1404 1239 1458 interloquium
1283 1411 1406 1454 poeta
1445 1404 1598 1443 alludit.
1678 1403 1789 1445 Hinc

212 1475 431 1514 clarissime
463 1476 606 1521 elucet,
652 1483 804 1525 quanta
836 1475 1030 1514 industria
1061 1476 1114 1514 ad
1146 1475 1261 1513 unius
1301 1475 1482 1525 corporis
1525 1475 1718 1514 unitatem
1748 1481 1790 1514 et

213 1547 369 1585 divinas
403 1554 442 1585 et
475 1547 672 1585 humanas
705 1555 836 1597 partes
870 1547 1119 1597 colligaverit
1151 1547 1387 1597 Sophocles.
1453 1547 1573 1596 Quae
1611 1558 1702 1585 cum
1734 1545 1790 1585 ita

215 1618 305 1664 sint,
340 1618 613 1668 unusquisque
646 1619 815 1657 fateatur
846 1631 1011 1657 necesse
1044 1626 1116 1665 est,
1150 1618 1183 1656 si
1216 1618 1439 1656 Minervam
1471 1632 1494 1656 e
1524 1624 1714 1657 contextu
1734 1617 1790 1657 fa·

216 1689 336 1728 bulae
375 1689 619 1736 detraheres,
668 1689 848 1728 mutilam
894 1689 1223 1739 decurtatamque
1267 1702 1354 1728 esse
1398 1700 1670 1728 remansuram
1714 1694 1791 1727 tra·

216 1760 419 1810 goediam.

360 1832 413 1869 At
445 1831 486 1869 in
519 1831 709 1882 Euripide
742 1844 802 1870 res
836 1832 956 1882 longe
989 1832 1103 1871 aliter
1144 1846 1186 1871 se
1218 1832 1350 1870 habet.
1418 1831 1542 1871 Cuius
1572 1831 1614 1870 in
1653 1830 1791 1870 sabula

219 1902 388 1941 actionis
421 1909 599 1941 tenorem
633 1915 793 1953 prorsus
826 1902 1058 1953 interrumpi
1092 1903 1265 1942 inductis
1298 1903 1404 1942 Iride
1435 1910 1474 1941 et
1515 1904 1643 1952 Lyssa
1672 1913 1794 1953 supra

220 1974 461 2012 monuimus.
525 1974 760 2020 Videamus,
796 1986 889 2012 num
923 1975 974 2013 ad
1019 1982 1255 2024 sequentem
1302 1973 1496 2013 dramatis
1541 1980 1694 2024 partem
1735 1972 1793 2017 in·

220 2045 482 2095 telligendam
516 2045 593 2084 sint
625 2046 889 2084 necessariae.

367 2129 486 2167 Sume
519 2128 637 2178 igitur
681 2129 958 2179 composuisse
1003 2128 1059 2167 ita
1090 2129 1325 2179 Euripidem
1367 2129 1471 2167 hanc
1516 2128 1708 2177 fabulam,
1750 2132 1795 2168 ut

222 2205 313 2248 post
345 2199 455 2237 chori
488 2212 663 2245 carmen,
698 2201 808 2249 quod
841 2207 900 2238 est
931 2213 955 2238 a
998 2212 1111 2239 versu
1148 2213 1230 2249 749
1277 2213 1402 2250 usque
1444 2201 1498 2238 ad
1529 2213 1585 2238 vs.
1619 2199 1721 2246 806,
1748 2197 1796 2239 in

214 2283 385 2308 ⁴scenam
434 2270 624 2320 prodiens
669 2271 842 2310 eandem
886 2271 1048 2310 nuntius
1094 2271 1274 2323 instituat
1323 2271 1508 2310 Herculis
1555 2268 1796 2311 calamitatis

223 2340 491 2379 narrationem
524 2354 645 2390 quam
693 2355 797 2391 quae
831 2342 970 2393 incipit
1003 2356 1027 2381 a
1065 2355 1179 2381 versu
1213 2355 1324 2392 912;
1371 2349 1454 2381 tum
1497 2355 1588 2381 meo
1629 2340 1796 2391 quidem

224 2411 374 2450 iudicio
407 2412 505 2449 nihil
538 2413 759 2462 perlegenti
794 2413 967 2452 fabulam
1000 2413 1073 2451 tibi
1106 2420 1300 2458 occurret,
1343 2413 1455 2462 quod
1487 2406 1559 2452 'vel
1598 2411 1697 2452 levis
1739 2411 1796 2451 of·

225 2482 417 2520 fensionis
450 2483 517 2522 det
549 2496 700 2524 ansam.
766 2485 879 2533 Quid
911 2483 1045 2524 enim!
1109 2484 1290 2524 Offendit
1322 2497 1458 2524 nonne
1502 2484 1564 2524 vel
1608 2494 1796 2534 magnam

226 2554 366 2592 saltem
401 2554 521 2592 habet
552 2555 873 2602 admirationem,
907 2556 1018 2605 quod
1054 2556 1170 2594 Iridis
1203 2564 1241 2595 et
1274 2557 1425 2605 Lyssae
1458 2555 1593 2594 nullae
1632 2561 1726 2593 sunt
1753 2553 1798 2594 in

227 2632 386 2674 postera
419 2625 610 2663 dramatis
644 2626 803 2666 actione
836 2626 992 2677 partes?
1050 2628 1142 2666 Non
1175 2627 1378 2674 miramur,
1413 2634 1574 2676 poetam
1606 2625 1659 2665 de
1681 2626 1799 2665 Iuno·

227 2708 278 2733 ne
310 2695 491 2734 insaniae
525 2697 698 2735 auctrice
732 2699 932 2736 Theseum
967 2706 1006 2736 et
1038 2699 1258 2737 Herculum
1295 2705 1486 2748 tanquam
1517 2697 1571 2737 de
1600 2709 1643 2736 re
1674 2696 1799 2741 ineu·-

228 2774 269 2804 ta
300 2766 431 2804 facere
463 2766 711 2816 disputantes
749 2776 788 2806 et
820 2768 1085 2819 ambigentes,
1129 2776 1318 2818 tanquam
1359 2767 1458 2806 nihil
1500 2766 1620 2807 nobis
1657 2767 1711 2807 de
1740 2766 1799 2809 di·

230 2837 321 2875 vina
383 2836 563 2876 insaniae
626 2838 779 2888 origine
842 2839 891 2878 sit
951 2838 1200 2878 nuntiatum?
1292 2839 1479 2889 Denique
1529 2850 1666 2877 nonne
1715 2837 1801 2878 iure

229 2907 456 2956 quaerimus
489 2921 558 2946 cur
589 2909 733 2946 chorus
766 2922 847 2948 non
879 2911 1088 2949 confirmet
1121 2923 1146 2948 a
1176 2911 1331 2948 Iunone
1364 2909 1561 2948 insaniam
1599 2921 1688 2949 oese
1707 2921 1798 2960 pno-
1840 2948 1845 2949 ⁷

230 2978 389 3026 sectam,
423 2979 571 3029 quippe
604 2979 671 3028 qui
705 2979 826 3030 ipsius
859 2980 985 3019 oculis
1016 2980 1212 3021 audiverit
1243 2981 1341 3020 deas
1385 2980 1436 3021 de
1468 2982 1623 3022 lunone
1665 2980 1800 3034 dispu-
