1884 3230
850 194 1148 242 ...36-

217 324 464 364 describitur.
529 324 672 373 Agitur
711 323 763 362 de
795 322 903 361 Ionis
947 322 1154 368 monodia,
1201 334 1305 372 quae
1345 329 1403 361 est
1445 322 1549 361 tertii
1589 321 1785 372 epeisodii

221 396 349 435 initio.
413 397 545 434 Pauca
575 394 803 444 anapaestis
835 394 968 432 locuta
999 393 1051 432 ad
1083 393 1294 431 dochmios
1325 393 1521 432 transiens
1558 393 1714 432 insania
1743 404 1787 432 se

220 466 365 516 corripi
400 467 445 504 Io
477 467 636 505 clamat.
699 466 865 514 Iamque
896 464 1002 503 idem
1036 464 1118 502 sere
1156 464 1395 503 describitur
1424 471 1544 514 atque
1583 464 1624 502 in
1657 463 1787 503 Choe-

219 537 369 588 phoris.
433 537 539 575 Nam
573 543 615 575 ut
646 537 787 574 Ionem
819 535 916 584 Argi
947 541 1139 586 perterret
1182 534 1330 585 image,
1376 535 1522 574 atrocis
1567 534 1785 584 agitatoris,

218 609 273 647 ita
306 608 490 647 Orestem
524 607 766 646 insectantur
798 606 976 655 Erinyes.
1042 605 1237 644 Nimirum
1270 605 1435 656 singulis
1467 606 1654 645 differunt
1684 605 1788 655 loci3

219 679 369 730 quippe
400 679 466 717 hic
498 679 637 717 iterum
671 678 866 716 habemus
889 677 1122 726 repentinae
1153 676 1283 715 morbi
1309 677 1565 726 accessionis,
1588 677 1670 716 illic
1693 690 1788 716 vero

218 750 391 788 ineuntis
435 748 616 788 insaniae
660 748 985 798 descriptionem.
1062 748 1246 797 Utroque
1288 754 1423 787 tamen
1471 749 1563 787 loco
1606 748 1662 788 ita
1706 760 1788 788 rem

221 816 389 860 instituit
422 820 656 869 Aeschylus,
691 826 733 858 ut
763 819 813 865 ei,
848 819 917 869 qui
949 818 1089 868 agitari
1121 819 1197 857 sibi
1239 819 1436 864 videntur,
1480 819 1702 870 depingant
1732 819 1789 859 di-

220 905 303 931 ram
347 892 584 942 agitatorum
626 891 705 929 vim
753 898 792 930 et
839 890 1030 940 speciem,
1080 902 1161 938 quo
1209 890 1434 929 continetur
1481 898 1565 929 tota
1610 890 1790 930 insaniae

219 962 448 1013 descriptio.

366 1035 459 1072 Hoc
490 1033 629 1083 quanti
670 1032 719 1071 sit
751 1033 942 1071 momenti
986 1033 1039 1070 ad
1072 1032 1360 1071 diudicandam
1408 1032 1589 1072 Muelleri
1621 1039 1660 1072 et
1691 1033 1790 1072 Her·

222 1105 360 1144 manni
392 1103 719 1150 controversiam,
754 1103 871 1142 facile
903 1103 1114 1152 intelliges,
1170 1104 1314 1143 Subest
1348 1103 1465 1154 igitur
1505 1104 1647 1143 eadem
1692 1103 1814 1144 ratio.

223 1176 381 1226 utrique
413 1175 595 1214 insaniae
627 1174 901 1224 descriptioni.
964 1174 1088 1224 Atqui
1134 1175 1247 1213 abest
1291 1175 1331 1212 in
1379 1175 1618 1214 Prometheo
1658 1175 1793 1215 sabula

223 1247 318 1298 Argi
352 1247 500 1296 imago,
529 1259 609 1296 qua
640 1252 805 1284 terretur
836 1247 894 1290 10,
925 1257 1057 1295 neque
1089 1253 1147 1284 est
1178 1245 1254 1284 nisi
1287 1245 1326 1284 in
1350 1245 1637 1296 imaginatione
1657 1246 1792 1286 mulie-

225 1319 277 1357 ris
309 1325 442 1357 mente
475 1318 686 1357 alienatae.
751 1316 860 1356 Hinc
892 1316 986 1355 satis
1019 1317 1115 1355 mihi
1147 1317 1303 1356 videtur
1332 1317 1501 1362 elucere,
1535 1329 1617 1356 non
1649 1317 1795 1357 eadere

224 1390 264 1428 in
300 1389 452 1428 Orestis
485 1389 628 1427 furoris
659 1388 970 1438 descriptionem
1004 1388 1177 1438 ipsarum
1220 1388 1383 1427 dearum
1425 1388 1690 1438 praesentiam
1738 1410 1790 1418 —

368 1462 502 1510 Atque
543 1459 691 1505 omnia,
735 1471 840 1508 quae
883 1459 1076 1497 hactenus
1129 1459 1180 1498 de
1222 1459 1330 1497 Ionis
1375 1466 1413 1498 et
1446 1459 1600 1498 Orestis
1637 1459 1795 1498 insania

227 1539 318 1571 sunt
350 1531 566 1582 disputata,
601 1531 668 1580 qui
702 1530 1027 1574 consideraverit,
1061 1542 1131 1568 cur
1162 1530 1201 1568 in
1234 1530 1404 1569 eandem
1437 1530 1584 1570 cadere
1625 1531 1794 1569 formam

226 1591 558 1653 Choephororum
606 1608 645 1640 et
691 1601 916 1640 Promethei
965 1601 1127 1640 fabulae
1170 1601 1479 1651 descriptionem
1523 1601 1638 1640 initio
1681 1601 1795 1641 huius

227 1673 520 1713 dissertationis
552 1673 675 1723 partis
717 1684 923 1722 ponerem,
969 1672 1034 1710 vix
1078 1672 1240 1722 negabit
1285 1672 1457 1711 rationes
1501 1685 1565 1711 me
1611 1672 1797 1711 habuisse

226 1745 321 1784 satis
366 1744 547 1784 idoneas.
612 1745 766 1789 Restat,
807 1750 848 1781 ut
892 1744 1160 1790 enucleemus,
1194 1756 1274 1793 qua
1317 1751 1400 1782 arte
1432 1743 1472 1782 in
1505 1743 1796 1783 Eumenidibus

227 1816 399 1854 furorem
431 1815 652 1864 Aeschylus
685 1814 952 1864 descripserit.

373 1887 480 1926 Sane
512 1885 675 1936 quidem
708 1885 812 1924 viam
846 1886 966 1935 longe
999 1885 1119 1924 aliam
1154 1885 1354 1936 ingressus
1385 1898 1472 1925 esse
1503 1885 1659 1925 videtur
1680 1891 1799 1936 poeta

229 1959 307 1996 hoc
340 1958 379 1996 in
413 1958 615 2005 dramate3
651 1956 800 2007 quippe
833 1957 901 2006 qui
945 1957 1051 2006 ipsas
1085 1956 1275 2006 Erinyum
1316 1969 1509 2007 personas
1550 1956 1591 1995 in
1635 1968 1799 1997 scenam

229 2029 440 2068 induxerit.

373 2099 522 2138 Nescio
565 2107 714 2145 tamen,
757 2112 808 2138 an
854 2099 1031 2138 eiusdem
1075 2099 1226 2149 ingenii
1270 2098 1463 2149 impressa
1503 2099 1557 2137 sis
1597 2098 1801 2150 agniturus

233 2171 401 2221 vestigia
432 2171 553 2210 etiam
585 2171 661 2209 hac
694 2171 734 2209 in
767 2171 1050 2221 descriptione,
1083 2171 1115 2208 si
1148 2183 1229 2220 qua
1250 2170 1403 2209 ratione
1424 2171 1646 2221 Aeschylus
1665 2169 1803 2210 Furias

233 2242 528 2281 describendae
559 2242 740 2280 insaniae
772 2242 1011 2287 adhibuerit,
1045 2253 1201 2280 mecum
1234 2241 1507 2292 perpenderis.

376 2313 459 2351 Sub
492 2312 639 2351 exitum
672 2312 1005 2362 Choephororum
1039 2312 1223 2351 Orestem
1260 2312 1429 2350 vidimus
1461 2312 1598 2362 primis
1622 2310 1803 2352 insaniae

233 2383 356 2422 initiis
388 2383 533 2422 vexari.
598 2383 755 2422 Indicat
787 2383 873 2433 ipse
905 2383 1084 2433 corporis
1117 2382 1340 2433 mentisque
1371 2383 1430 2421 sui
1462 2390 1586 2422 status
1618 2382 1701 2422 fieri
1722 2393 1802 2422 mu-

232 2455 442 2493 tationem.
508 2455 661 2504 Sponte
693 2454 811 2503 igitur
842 2455 897 2500 fit,
930 2462 970 2492 ut
1004 2454 1270 2493 Eumenidum
1302 2454 1468 2493 exordio
1507 2466 1598 2492 eum
1641 2465 1802 2504 exspec-

233 2533 362 2564 temus
395 2525 593 2571 Orestem,
627 2525 667 2563 in
696 2537 778 2575 quo
801 2525 930 2563 morbi
954 2537 1141 2575 expressa
1163 2525 1243 2564 iam
1265 2532 1484 2575 appareant
1504 2524 1631 2574 signa.
1679 2523 1802 2573 Quod

236 2608 358 2646 quam
392 2596 490 2634 salse
523 2596 746 2646 opinemur,
780 2596 912 2634 statim
945 2597 1137 2646 prologus
1159 2608 1184 2634 a
1215 2596 1355 2645 Pythia
1385 2595 1596 2634 sacerdote
1618 2594 1804 2634 recitatus

237 2666 425 2706 ostendit.
480 2667 739 2706 Describitur
771 2667 934 2706 Orestes
966 2679 990 2705 a
1022 2667 1149 2705 Furiis
1181 2667 1352 2717 agitatus
1383 2666 1564 2705 versibus
1595 2679 1651 2714 4ο
1688 2677 1802 2716 seqq.

240 2738 475 2781 Audiamus.
496 2749 602 2787 quae
617 2735 756 2777 videat'
776 2738 916 2787 Pythia
934 2738 973 2776 in
992 2737 1178 2776 interiore
1200 2737 1337 2787 templi
1360 2744 1483 2787 parte.
1518 2736 1662 2775 Narrat
1682 2736 1804 2778 haec:

523 2819 614 2871 ὁρῶ
645 2819 683 2861 δ’
716 2817 786 2861 ἐπ’
823 2819 1013 2877 ὀμφαλῷ
1042 2823 1125 2874 μὲν
1155 2817 1300 2874 ἄνδρα
1334 2819 1532 2874 θεομυσῆ

526 2889 661 2944 ἕδραν
692 2887 848 2944 ἴχοντα
882 2888 1221 2946 προστρόπαιον.
1256 2890 1413 2944 αἵματι

526 2958 746 3011 στάζοντα
777 2970 924 3016 χεῖρας
955 2966 1030 3004 καὶ
1062 2959 1301 3012 νεοσπαδὲς
1331 2961 1451 3016 ξίφος
