1884 3230
251 341 447 401 ὄμματος
508 341 675 402 θράσος
738 343 1116 401 παρακρουστικὸν
1190 351 1265 388 καὶ
1320 342 1494 402 ἴῤῥιψις
1555 348 1630 388 καὶ
1688 339 1820 388 και-ἄ·

251 417 400 467 κλασις
430 415 568 460 κακόν
601 440 655 446 -
689 423 727 455 et
758 429 862 466 quae
907 416 947 455 in
980 417 1206 456 universum
1237 417 1509 467 Hippocrates
1551 415 1666 455 initio
1708 427 1819 467 pne-

250 488 460 526 notionum
492 487 583 526 libri
616 488 668 526 de
700 488 816 526 faciei
850 488 890 525 in
922 487 1072 526 morbis
1104 488 1229 526 acutis
1261 488 1481 527 mutatione
1512 487 1638 527 dicit:
1673 509 1730 517 -—
1761 507 1816 516 —

251 563 323 599 καὶ
354 555 495 600 τᾶλλα
536 567 691 614 σημεῖα
725 560 995 599 σκέπτεσθαι
1039 557 1121 609 [sel.
1155 556 1248 613 χρῆ]
1294 556 1352 599 τοί
1383 574 1431 600 τε
1470 556 1520 600 ἐν
1550 560 1615 616 τῷ
1645 554 1820 610 adflata

250 634 324 671 καὶ
355 625 411 670 τά
445 626 494 670 ἐν
525 638 660 670 τοῖσιν
701 625 997 682 ὄφθαλμοῑσιν
1032 640 1039 647 ·
1074 625 1130 683 ἢν
1159 625 1244 683 γάρ
1286 650 1342 657 -
1373 651 1431 658 -
1476 626 1819 686 ὅιαστρέφωντῳ

268 723 305 727 ἡ·
341 722 398 728 —-
430 696 485 754 ἢν
515 694 570 740 τοὶ
604 696 735 741 λευκοὶ
769 694 938 755 ἐρυθροὶ
970 700 1143 752 ἴσχωσιν
1176 721 1231 726 -—
1253 720 1312 727 —
1343 699 1484 742 ταῦτα
1518 695 1671 742 πάντα
1702 695 1817 741 nand

251 771 443 824 νομίζειν
463 781 471 790 ·
500 771 639 808 Paullo
665 770 768 808 infra
790 769 982 820 legimus:
1008 766 1062 824 ἢν
1081 768 1165 826 γάρ
1189 771 1236 811 αἱ
1261 767 1388 828 ὄψιες
1405 767 1554 813 mmm}
1571 775 1818 825 κινέωνται,

249 838 449 896 μανῆναι
480 838 646 887 τούτοις
678 838 813 890 ἐλπίς.
848 863 906 870 —
1142 830 1148 836 ¹

395 924 522 962 Vides
568 923 687 973 igitur
727 923 768 961 in
800 923 1003 973 Euripidis
1035 923 1305 973 descriptione
1346 923 1410 962 vix
1450 924 1691 962 offensurum
1730 935 1821 969 esse

255 995 557 1044 Hippocratem.
642 994 814 1032 Necnon
845 994 995 1043 optime
1028 994 1080 1032 ad
1112 993 1275 1032 furentis
1307 993 1521 1043 imaginem
1554 993 1724 1044 quadrat
1743 989 1850 1037 tur-⁷

249 1065 367 1103 bidus
401 1064 586 1103 Herculis
620 1064 741 1110 risus,
777 1064 829 1103 de
870 1076 951 1113 quo
994 1064 1161 1114 legimus
1203 1065 1243 1102 in
1287 1064 1544 1114 aphorismis:
1593 1066 1642 1106 αἱ
1678 1051 1819 1125 naqa-⁴

251 1131 463 1190 φροσύναι
514 1136 562 1176 αἱ
597 1137 681 1188 μὲν
716 1131 828 1188 μετα
865 1134 1045 1187 γέλωτος
1082 1133 1335 1190 γιγνόμεναι
1373 1131 1690 1191 ἀσφαλέστεραι
1713 1165 1722 1182 ,
1770 1137 1819 1178 αἱ

253 1205 303 1247 δὲ
344 1203 457 1260 μετοέ
504 1205 696 1260 σπουδῆς
738 1204 1116 1262 ἕπισφαλέστεραι,
1211 1207 1390 1256 Apparet
1450 1218 1497 1244 ex
1554 1206 1616 1245 his
1671 1205 1818 1259 verbis,

252 1277 433 1315 medicos
457 1276 638 1315 Graecos
671 1283 855 1315 accurate
887 1277 1132 1321 observasse,
1167 1284 1294 1315 utrum
1317 1289 1406 1315 cum
1439 1277 1518 1315 risu
1550 1289 1600 1315 an
1623 1277 1710 1316 sine
1740 1276 1820 1316 risu

253 1349 363 1386 fieret
407 1347 574 1392 insania.
620 1354 740 1397 atque
783 1347 862 1387 risu
903 1348 1195 1397 prosperiorem
1239 1348 1422 1386 statuisse
1462 1348 1592 1386 morbi
1633 1354 1820 1387 eventum

253 1418 484 1468 significari.
550 1419 736 1458 Ceterum
771 1418 874 1456 Aiax
906 1431 1068 1468 quoque
1106 1419 1207 1457 ridet
1239 1418 1380 1457 furoris
1421 1419 1571 1469 impetu
1602 1430 1817 1469 oppressus

253 1490 304 1528 cf.
339 1501 395 1528 νε.
431 1501 530 1538 303.

396 1561 530 1609 Atque
545 1559 598 1598 de
619 1559 733 1598 initio
765 1560 944 1599 insaniae
975 1559 1189 1599 hactenus!
1225 1561 1527 1610 Comparemus,
1552 1571 1633 1610 qua
1663 1560 1820 1599 ratione

253 1630 575 1681 progredientem
609 1630 792 1668 morbum
826 1638 991 1680 uterque
1023 1631 1289 1681 descripserit.

396 1700 571 1739 Primum
603 1701 721 1750 igitur
751 1713 801 1739 eo
842 1701 1028 1740 differunt
1059 1702 1161 1740 Aiax
1192 1709 1230 1740 et
1263 1702 1471 1748 Hercules,
1505 1701 1616 1752 quod
1660 1700 1821 1740 consilii

253 1772 295 1810 in
326 1772 395 1810 illo
427 1771 537 1809 nulla
568 1772 611 1808 fit
642 1771 824 1818 mutatio,
858 1772 929 1812 sed
968 1779 1088 1811 tenax
1131 1780 1191 1812 est
1222 1785 1373 1819 eorum,
1407 1785 1510 1822 quae
1553 1785 1658 1815 sana
1684 1778 1820 1812 mente

253 1842 330 1881 sibi
362 1848 638 1892 proposuerat,
672 1842 823 1892 quippe
855 1843 922 1891 qui
955 1843 1139 1882 inimicos
1171 1843 1248 1882 sibi
1280 1843 1462 1882 videatur
1500 1843 1722 1882 interficere
1750 1854 1821 1894 με

254 1913 401 1952 cudum
434 1913 557 1951 edens
589 1919 774 1962 stragem.
840 1914 1035 1952 Hercules
1066 1927 1160 1953 vero
1194 1927 1355 1964 prorsus
1394 1914 1606 1953 abducitur
1636 1926 1661 1952 a
1690 1913 1822 1953 comi-

253 1984 323 2030 lio¹
358 1983 469 2033 quod
501 1983 581 2021 iarn
622 1990 706 2021 erat
738 1984 962 2029 effecturus,
1006 1984 1150 2023 mentis
1190 1984 1446 2023 alienatione.
1509 1983 1669 2023 Omittit
1706 1995 1822 2024 saon

254 2061 395 2104 parata
425 2061 464 2092 et
496 2054 686 2092 inchoata
717 2054 966 2104 caedemque
996 2062 1158 2104 repente
1190 2055 1439 2093 machinatur
1470 2055 1510 2092 in
1543 2054 1820 2105 Eurystheum,
1874 2067 1878 2074 ’

255 2137 360 2174 quae
391 2124 582 2175 cogitatio
623 2136 712 2162 curn
751 2137 775 2162 a
810 2131 895 2163 tota
931 2125 1121 2163 dramatis
1155 2125 1313 2164 actione
1356 2125 1406 2163 sit
1449 2125 1694 2164 alienissima
1734 2132 1819 2165 tum

255 2196 457 2246 discrepat
488 2202 609 2245 atque
640 2202 791 2245 pugnat
827 2196 1175 2235 vehementissime
1206 2209 1295 2234 cum
1339 2196 1539 2246 praesenti
1581 2196 1666 2236 eius
1709 2208 1818 2241 cura.

216 2300 219 2302 ,
255 2266 396 2305 Subito
429 2266 547 2315 igitur
577 2265 758 2305 videmus
802 2266 969 2305 existere
1012 2274 1178 2317 aegroto
1220 2278 1344 2304 novas
1388 2278 1518 2312 curas,
1552 2266 1818 2317 ineptissimas

254 2337 347 2375 huic
379 2337 569 2387 temporis
601 2344 820 2383 momento,
853 2349 957 2386 quae
999 2349 1090 2376 eum
1122 2337 1323 2387 abripiunt
1360 2336 1413 2374 ab
1446 2349 1518 2382 e0,
1551 2337 1663 2387 quod
1692 2337 1818 2377 modo

254 2408 331 2446 sibi
375 2414 661 2457 proposuerat,
703 2407 755 2446 ad
797 2407 967 2446 consilia
1012 2408 1132 2457 plane
1174 2407 1341 2447 diversa.
1406 2407 1516 2446 Idem
1559 2407 1820 2448 observavere

255 2478 402 2516 medici
435 2478 593 2523 Graeci,
617 2478 728 2527 quod
758 2478 930 2516 auctoris
961 2478 1014 2517 de
1042 2478 1184 2516 morbo
1216 2490 1330 2516 sacro
1362 2478 1462 2516 haec
1494 2478 1643 2517 docent
1672 2479 1819 2530 verba:

256 2548 321 2598 (cf.
355 2549 401 2587 L.
435 2549 555 2599 V1.§
594 2562 656 2595 14.
691 2561 782 2599 pag.
816 2549 919 2599 386)
952 2551 1016 2604 τῷ
1047 2548 1097 2591 δὲ
1128 2546 1248 2606 αὐτῷ
1278 2547 1416 2606 τούτῳ
1448 2554 1523 2590 καὶ
1553 2547 1818 2603 μαινόμεθα

256 2618 340 2669 (scl.
386 2617 573 2673 cerebro)
615 2625 691 2662 καὶ
744 2624 1112 2677 παραφρονέομεν
1141 2625 1214 2662 καὶ
1246 2641 1303 2648 -
1337 2641 1390 2648 --
1430 2642 1477 2647 —
1520 2626 1826 2677 παρίστανται-

256 2686 359 2743 ἤμῑν
383 2712 436 2718 -—
463 2712 512 2717 —
550 2688 765 2731 πλάνοι
795 2686 1034 2748 ἄκαιροι
1067 2694 1143 2732 καῖ
1173 2689 1487 2746 φροντίδ;ες
1518 2689 1613 2744 οὐχ
1643 2689 1820 2734 ἱκνού-

254 2777 432 2814 μεναι
456 2784 509 2789 -—
533 2765 608 2802 καὶ
640 2757 854 2816 οἷγωσίη
886 2761 999 2802 τῶν
1029 2760 1475 2804 καθεστεώτων.
1528 2762 1673 2802 Mimm
1695 2763 1823 2812 quani

256 2838 338 2869 tum
393 2842 485 2869 cum
528 2831 675 2870 medici
719 2831 850 2870 verbis
890 2832 1091 2882 Euripidis
1134 2832 1348 2871 conveniat
1393 2832 1622 2882 descriptio.
1713 2832 1820 2871 Nam

257 2901 374 2939 etiam
399 2902 594 2940 Hercules
616 2901 902 2951 intempestivis
932 2902 1080 2941 fallitur
1103 2903 1315 2948 erroribus,
1338 2902 1483 2953 ineptis
1509 2902 1680 2943 afficitur
1700 2902 1817 2950 curis,

258 2971 397 3018 nescit,
432 2971 530 3022 quid
571 2984 595 3011 a
626 2984 724 3011 sano
756 2973 995 3023 postulasset
1040 2985 1229 3024 praesens
1271 2979 1440 3024 tempus.
1504 2973 1686 3023 Uterque
1724 2978 1832 3016 voem
