1884 3230
1661 0 1884 248 Ἴ

289 373 381 401 man
426 358 511 399 sich
543 360 641 400 Her.
674 357 747 399 mit
788 357 861 399 der
890 357 984 399 Luft
1028 357 1351 409 faustkitmpfend
1390 358 1605 399 von-stent«
1670 351 1884 401 OM*

290 444 409 483 porro
441 444 544 480 eum,
579 431 689 481 quod
721 443 797 471 nec
839 431 947 470 unde
979 431 1175 470 Hercules
1205 431 1286 469 tela
1315 430 1463 470 habeat
1502 437 1542 470 et
1578 431 1861 479 instrumenta,

289 502 532 553 intelligatur
572 501 680 547 satis,
723 514 811 548 nec,
857 501 926 551 qui
969 501 1141 552 potuerit
1185 500 1281 547 fieri,
1329 508 1368 539 ut
1399 501 1637 552 Amphitryo
1676 509 1718 542 et
1746 499 1855 542 sesti

290 573 389 612 nihil
421 579 676 612 succurentes
708 571 925 611 calamitati
957 578 1083 611 totam
1106 571 1286 611 insaniae
1315 572 1588 612 accessionem
1618 571 1855 624 ραιςὶρι-

290 651 478 683 terentur.
540 645 682 693 Itaque
713 643 791 681 hoc
822 643 896 681 fert
927 641 1116 681 iudicium
1149 642 1202 681 de
1223 642 1438 693 Euripide:
1481 655 1547 682 »er
1576 643 1646 683 hat
1674 642 1743 684 die
1771 635 1856 696 (sp-

291 714 443 767 pigkeit
474 714 604 753 seiner
635 713 848 752 Phantasie
893 713 987 752 wild
1021 713 1205 751 wachsen
1249 713 1417 753 lassen.«
1467 735 1512 741 -
1546 715 1856 755 Percenseamus

291 786 461 836 singula,
505 796 609 835 quae
650 783 806 822 crimini
848 789 993 834 poetae
1033 783 1147 822 vertit
1180 783 1451 824 Wilamowitz.
1514 786 1648 835 Atque
1686 784 1857 836 primum

293 857 412 895 risum
445 867 606 894 movere
636 854 734 894 dicit
765 867 856 893 cum
888 854 987 893 duas
1017 854 1167 893 itineris
1198 854 1391 894 stationes
1421 862 1504 894 tum
1534 862 1735 896 certamen
1756 856 1859 897 Her·

293 927 404 974 culis,
454 938 535 976 quo
567 938 658 964 curn
702 938 794 964 aere
834 931 1080 976 pugnantem
1112 937 1201 964 eum
1247 925 1369 964 saciat
1408 925 1631 977 Euripides.
1694 928 1859 977 Pronus

293 997 505 1037 consentio
527 1006 618 1035 cum
642 995 968 1046 Wilamowitzi03
999 1002 1119 1046 atque
1141 996 1219 1034 hoc
1241 996 1458 1044 contendo,
1482 986 1719 1047 vituperanti
1738 996 1860 1041 θίγω

294 1069 425 1119 ipsum
470 1067 634 1118 quidem
668 1066 901 1116 Euripidem
946 1067 1224 1105 oblocuturum
1270 1066 1416 1117 suisse3
1447 1079 1540 1106 nam
1580 1067 1698 1108 etiam
1736 1078 1861 1111 m

295 1139 487 1178 ridiculus
506 1138 660 1177 videtur
678 1138 885 1176 Hercules.
922 1133 989 1191 (cf.
1013 1150 1069 1176 vs.
1091 1134 1223 1192 940.),
1240 1137 1548 1188 ambigentibus,
1565 1145 1693 1178 utrum
1710 1125 1863 1181 iocemr

296 1209 484 1249 dominus
517 1222 568 1247 an
601 1208 785 1249 insaniat.
851 1209 921 1246 Est
952 1214 1083 1246 autem
1117 1207 1367 1247 notissimum
1399 1209 1633 1258 plerumque
1664 1207 1861 1249 insani-m

298 1280 385 1319 aliis
418 1292 505 1319 esse
536 1269 756 1319 ridiculam.
811 1278 948 1317 Dabat
979 1278 1097 1329 igitur
1127 1278 1206 1317 hoc
1237 1278 1405 1325 veritati,
1429 1278 1594 1318 nimium
1626 1279 1794 1320 sortasse
1817 1285 1864 1321 α

296 1351 407 1401 quod
439 1350 662 1400 Sophocles
694 1356 801 1388 certe
832 1349 909 1387 sibi
940 1356 1140 1399 negasset.
1173 1370 1230 1377 —

439 1433 600 1471 Deinde
642 1431 804 1470 miratur
847 1431 1121 1477 Wilomowitz,
1156 1431 1264 1470 unde
1294 1432 1374 1470 tela
1415 1439 1454 1470 et
1486 1432 1749 1473 instrumenta
1785 1432 1865 1480 siba

298 1511 428 1544 sumat
460 1503 669 1542 Hercules.
734 1503 840 1541 Sane
873 1501 1036 1551 quidem
1069 1502 1178 1540 nullo
1220 1503 1313 1540 loco
1345 1510 1476 1541 narrat
1507 1503 1682 1551 nuntius,
1713 1513 1863 1551 metim,

297 1582 464 1620 vectem,
511 1573 687 1623 ligonem
733 1572 897 1611 Herculi
938 1585 1024 1611 esse
1068 1573 1175 1612 data.
1239 1573 1315 1611 Cui
1355 1580 1488 1612 tamen
1533 1574 1719 1614 licentiae
1749 1573 1866 1614 facile

299 1645 486 1695 equidem
520 1643 766 1683 indulserim.
832 1643 988 1692 Nempe
1020 1649 1197 1693 apparet,
1221 1643 1285 1681 vix
1316 1643 1492 1694 potuisse
1523 1644 1622 1690 fieri,
1650 1651 1694 1683 ut
1723 1643 1765 1683 in
1794 1643 1867 1685 tali

298 1715 442 1755 mentis
463 1714 723 1764 corporisque
754 1721 857 1752 statu
880 1712 1079 1763 acciperet
1103 1713 1362 1753 instrumenta
1385 1714 1607 1765 Hercules;
1640 1715 1750 1765 quod
1772 1721 1867 1770 ante

299 1786 433 1826 omnia
465 1785 628 1824 vetabat
659 1784 866 1823 celerrima
908 1783 1150 1834 singularum
1184 1784 1400 1835 imaginum
1445 1785 1718 1825 commutatio.
1778 1785 1867 1835 Nec

298 1870 393 1896 vero
423 1856 601 1894 habebat
632 1854 857 1905 Euripides,
891 1867 961 1892 cur
991 1855 1052 1893 vel
1087 1855 1263 1905 aliquam
1295 1855 1546 1905 impenderet
1575 1868 1740 1906 operam
1772 1852 1866 1896 huic

300 1927 512 1966 offensioni
535 1926 758 1965 tollendae:
793 1927 943 1975 quippe
975 1926 1043 1975 qui
1068 1926 1121 1964 ad
1153 1926 1323 1976 populi
1314 1939 1354 1964 in
1385 1927 1541 1965 theatro
1562 1926 1739 1966 sedentis
1758 1927 1867 1966 oom-

300 1997 581 2048 probationem
604 1997 709 2035 hanc
733 1995 897 2034 furentis
919 1995 1106 2034 Herculis
1127 1995 1437 2046 descriptionem
1460 1996 1692 2036 institueret.
1741 1996 1867 2048 Atqui

301 2074 546 2118 spectatores
579 2066 806 2106 consenties
838 2078 919 2105 non
943 2066 1145 2105 sollicitari
1179 2066 1375 2106 eiusmodi
1398 2066 1716 2106 dubitationibus
1745 2062 1867 2107 talem

300 2138 508 2178 audoentes
539 2137 824 2177 narrationem.

446 2209 570 2257 Quod
601 2207 776 2258 denique
809 2208 860 2246 ad
893 2221 1027 2246 servos
1058 2208 1352 2257 familiaresque
1383 2209 1535 2255 attinet,
1569 2221 1672 2259 quos
1701 2208 1868 2248 omniuo

259 2289 261 2292 ⁴
303 2292 443 2330 passos
475 2292 563 2318 esse
607 2267 802 2317 insaniam
838 2278 1022 2317 Herculis
1067 2278 1230 2317 miratur
1260 2278 1534 2326 Wilamowitz,
1566 2279 1869 2330 equidemnon

302 2351 435 2396 video,
461 2350 652 2399 quidnam
683 2349 739 2387 illi
772 2348 1036 2399 peccaverint.
1093 2350 1260 2394 Vereor,
1283 2361 1334 2388 ne
1366 2362 1504 2399 parum
1527 2349 1586 2388 vir
1614 2349 1869 2389 doctissimus

304 2434 422 2460 verae
445 2421 586 2459 suroris
609 2422 761 2460 formae
784 2419 965 2459 habuerit
986 2420 1195 2459 rationem.
1258 2421 1309 2458 Et
1329 2419 1572 2467 restitissent,
1596 2427 1706 2471 puto,
1737 2426 1870 2471 nque

304 2505 403 2530 sano
444 2503 576 2541 neque
617 2498 783 2541 aegroto
814 2491 910 2530 hero
956 2491 1069 2530 servi.
1133 2492 1276 2530 Servos
1309 2491 1396 2541 quis
1441 2492 1540 2530 serat
1572 2490 1749 2531 Herculi
1778 2489 1869 2532 red·

304 2561 480 2601 stentes?
515 2562 608 2611 Qui,
642 2561 675 2601 si
707 2562 759 2600 de
791 2561 1020 2601 calamitate
1051 2561 1314 2607 dubitassent,
1347 2574 1429 2611 quo
1460 2562 1527 2600 ille
1557 2561 1721 2601 domum
1752 2557 1870 2601 affec-

305 2640 412 2671 turus
444 2639 540 2677 erat,
575 2633 740 2671 fortasse
772 2631 919 2670 liberos
951 2644 1109 2671 servare
1141 2632 1276 2671 conati
1308 2639 1450 2672 essent.
1504 2632 1585 2671 Sed
1606 2643 1658 2672 ne
1686 2630 1871 2672 sciebam

306 2703 469 2752 quidem
512 2702 640 2749 initio,
674 2714 767 2740 num
800 2715 892 2741 vere
925 2703 1069 2741 fureret
1109 2702 1320 2751 dominus3
1354 2710 1566 2752 sequentes
1604 2714 1699 2742 vero
1737 2698 1870 2753 μηδὲ

306 2773 472 2812 celerius
504 2773 809 2823 peragebantur,
843 2785 964 2822 quam
997 2781 1038 2811 ut
1071 2772 1244 2811 succurri
1276 2781 1411 2823 posset
1442 2771 1671 2812 calamitati.

449 2843 584 2891 Quare
632 2843 671 2881 in
720 2843 885 2893 singulis
924 2843 976 2882 de
1008 2842 1235 2893 scriptionis
1282 2842 1460 2893 partibus
1502 2841 1775 2893 vituperandis
1813 2838 1870 2881 uii-

307 2914 380 2952 mis
434 2914 601 2952 acerbus
653 2913 750 2952 mihi
803 2914 956 2953 videtur
1007 2913 1264 2953 existimator.
1344 2914 1488 2952 Fateor
1537 2913 1657 2952 totius
1706 2909 1884 2952 narrati·-

307 2983 396 3023 onis
452 2984 661 3023 consilium
715 2996 832 3034 posse
863 2983 1076 3034 displicere
1129 2983 1199 3030 eis,
1252 2982 1399 3034 quibus
1450 2983 1665 3022 abhorrere
1714 2979 1872 3023 videtur
