1884 3230
875 177 1169 214 ..44-

240 290 316 337 οὕκ
348 290 465 338 ἔστιν
503 292 611 337 ἄλλο
644 288 872 352 πρόβατον
911 294 1041 338 οὐδὲν
1072 292 1102 352 ἢ
1130 294 1231 347 βόες
1262 301 1336 339 καὶ
1378 294 1502 348 αἶγες
1530 320 1586 328 -
1617 319 1674 328 -—-
1703 318 1765 329 --
1796 328 1807 340 .

238 362 474 420 ἐχρήσαντο
506 372 582 409 καὶ
614 364 740 408 ἄλλοι
771 364 904 417 οῧιως
936 368 1025 409 τῶν
1055 365 1263 410 παλαιῶν
1295 370 1350 423 τῆ
1383 369 1504 423 φωνῆ
1535 368 1603 420 (cf.
1642 369 1804 409 Kuelm.
1860 396 1865 397 ν

238 438 388 477 xvm.
422 440 452 478 1.
487 452 552 488 pg.
589 436 708 492 356.)
1323 419 1330 430 '
1478 418 1487 432 ‘

380 509 506 548 Vides
521 509 650 560 igitur,
666 510 777 548 nullo
791 510 882 548 loco
897 510 1054 549 disertis
1067 511 1202 550 vverbis
1217 511 1363 550 ascribi
1376 511 1616 563 Hippocrati
1627 512 1806 552 libellum

238 580 289 618 de
322 581 464 619 morbo
494 594 609 619 sacro
640 588 707 619 aut
728 581 864 630 negari
897 589 1100 621 auctorem
1133 595 1221 621 esse
1252 583 1455 622 medicum
1477 583 1806 625 celeberrimum:

238 651 309 696 sed
332 652 535 691 dubitasse
559 653 757 691 Galenum
781 653 832 691 de
854 653 1030 703 genuina
1052 653 1220 703 origine,
1254 654 1348 693 inde
1381 655 1550 694 fortasse
1581 654 1806 706 suspioerb,

237 723 347 772 quod
376 723 575 773 passivum
606 736 766 773 semper
812 724 988 771 adhibet,
1034 725 1142 764 velut
1173 721 1427 780 δεδήλωται,
1458 731 1704 783 γέγραπται
1741 747 1805 766 -.

380 796 552 834 Accedit
583 796 780 842 scholion,
815 796 926 844 quod
958 796 998 835 in
1030 795 1239 835 codicibus
1271 804 1311 835 et
1341 797 1586 836 editionibus
1612 798 1733 848 vulgo
1754 798 1806 838 le·

236 865 344 915 gitur
376 867 427 904 ad
459 867 566 905 hunc
598 867 741 905 librum
775 868 1025 913 adnotatum,
1059 868 1170 906 cuius
1201 869 1302 907 haec
1333 876 1425 907 sunt
1468 869 1610 908 verba:
1655 868 1725 920 (cf.v
1758 869 1805 908 L.
1863 888 1866 891 ¹

237 937 309 975 VI.
345 951 411 988 pg.
449 935 550 993 352)
584 937 633 981 οὐ
671 937 848 992 γνήσιον
879 933 1196 995 Ἱπποκράτους
1228 940 1357 981 τοῦτο
1388 939 1502 992 λέγει
1542 935 1567 980 0‘
1599 942 1640 980 Γ
1634 935 1807 996 &aqu-g,

237 1000 466 1061 ἀξιολόγου
497 1008 549 1051 δέ
578 1026 693 1060 τινος
726 1005 887 1066 ἀνδρός
929 1015 1005 1052 καὶ
1049 1009 1164 1052 κατὰ
1207 1005 1287 1066 τήν
1330 1011 1563 1067 ἑρμηνείαν
1606 1017 1682 1053 καὶ
1724 1006 1807 1067 τὴν

237 1077 455 1121 διάνοιαν.
519 1077 837 1138 Ἱπποκράτους
867 1079 949 1138 γάρ
983 1079 1101 1123 δοκοῖ
1129 1081 1261 1124 οὐδὲν
1291 1078 1406 1135 ἔχειν
1436 1079 1537 1125 οὔτε
1579 1080 1695 1124 κατὰ
1727 1070 1829 1125 cdv*

236 1149 399 1206 τρόπον
431 1154 505 1206 τῆς
536 1153 766 1208 ἑρμηνείας
798 1150 893 1196 οὔτε
925 1151 1038 1194 κατὰ
1070 1149 1118 1195 τὰ
1151 1151 1332 1209 ἄκριβὲς
1362 1154 1438 1208 τῆς
1469 1152 1681 1204 διανοίας.

379 1223 599 1262 Videamus
632 1237 750 1271 nunc,
785 1225 992 1274 quomodo
1025 1225 1257 1264 recentioris
1289 1225 1430 1264 aetatis
1461 1224 1533 1263 viri
1564 1225 1676 1264 docti
1706 1224 1805 1266 iudi-

235 1294 411 1333 caverint
443 1295 494 1333 de
526 1296 587 1334 his
619 1295 870 1334 testimoniis.

379 1366 495 1404 Dietz
519 1364 548 1418 ¹)
591 1374 629 1406 et
667 1367 792 1405 Littre‘
832 1380 965 1417 neque
1003 1367 1044 1405 in
1085 1367 1228 1406 scholii
1272 1367 1532 1417 aequiescunt
1571 1369 1807 1408 auctoritate

235 1450 366 1487 neque
401 1438 545 1476 Galeni
578 1439 690 1477 locos
722 1451 840 1488 supra
873 1439 1015 1477 allatos
1047 1438 1263 1488 genuinam
1296 1451 1456 1489 prorsus
1499 1439 1635 1478 testari
1678 1439 1805 1479 libeni

235 1508 432 1559 originem
466 1510 705 1549 existimant.
755 1510 967 1556 Dietzium‚
987 1522 1038 1549 ne
1070 1509 1147 1560 ipsi
1178 1509 1352 1548 ascribat
1369 1509 1609 1560 Hippocrati
1630 1510 1683 1550 de
1703 1523 1805 1550 mor·

235 1579 288 1618 bo
320 1593 436 1619 sacro
469 1588 693 1628 tractatum,
728 1581 940 1621 manifesta
972 1582 1174 1632 quaedam
1206 1581 1370 1621 dicendi
1414 1581 1579 1620 rationis
1619 1581 1806 1622 sollicitat

234 1651 466 1698 similitudo,
501 1666 605 1702 quae
637 1653 740 1692 inter
770 1654 876 1691 hunc
909 1660 947 1692 et
979 1653 1030 1692 de
1061 1659 1204 1692 natura
1235 1652 1409 1692 hominis
1452 1652 1597 1692 librum
1640 1652 1806 1693 interce-

234 1722 314 1761 dat.
379 1724 502 1762 Cuius
535 1725 668 1775 operis
701 1738 792 1763 cum
826 1731 979 1775 partem
1013 1724 1193 1763 ultimam
1227 1725 1383 1774 Polybo
1427 1723 1615 1771 tribuant,
1649 1724 1804 1775 Hippo-

233 1794 354 1832 cratis
386 1809 550 1846 genero,
587 1808 707 1846 quem
741 1796 794 1835 ad
816 1795 1088 1846 dogmaticam
1113 1795 1292 1833 scholam
1316 1795 1554 1849 perhibeant
1574 1795 1803 1842 inclinasse,

233 1872 370 1904 nostro
403 1880 523 1917 porro
556 1867 596 1905 in
642 1867 744 1905 libro
791 1867 884 1910 insit,
927 1867 1127 1917 quaedam
1169 1866 1271 1905 ratio
1312 1866 1556 1916 dogmatica,
1599 1866 1805 1910 concludit
1869 1867 1871 1870 ⁴

235 1937 363 1985 Dietz,
397 1938 430 1976 si
463 1952 545 1977 non
578 1939 764 1985 cundem,
799 1939 977 1978 eiusdem
1009 1939 1148 1978 saltem
1181 1938 1321 1977 aetatis
1353 1938 1477 1976 virum
1510 1938 1688 1977 libellum
1709 1950 1803 1977 con-

234 2009 440 2059 scripsisse
472 2010 594 2060 idque
628 2012 708 2057 fita,
749 2017 813 2048 »ut
845 2010 1136 2061 Hippocratem
1170 2010 1313 2060 ipsum,
1337 2009 1369 2047 si
1396 2022 1486 2048 eum
1509 2015 1712 2048 auctorem
1733 2021 1802 2052 no·

232 2076 386 2119 minare
418 2082 659 2127 dubitemus,
694 2082 808 2120 huius
841 2081 966 2120 libelli
998 2094 1082 2120 non
1113 2080 1412 2132 pertaede1et,si
1445 2080 1522 2120 sibi
1553 2080 1803 2132 suppositum

231 2165 319 2191 esse
350 2153 609 2203 accepisset.«
676 2152 743 2203 (cf.
779 2154 803 2194 l.
838 2154 862 2192 l.
898 2166 963 2203 pg.
999 2153 1205 2204 92—93.)

375 2224 462 2263 Nec
493 2225 548 2264 ita
578 2226 743 2263 multum
775 2238 800 2263 a
834 2224 989 2263 Dietzio
1022 2223 1142 2263 distat
1175 2223 1322 2275 Littre„
1347 2223 1414 2274 qui
1447 2223 1505 2262 sic
1536 2222 1710 2263 iudicat:

381 2296 444 2334 »Si
477 2296 586 2335 donc
618 2309 667 2334 en
700 2293 914 2346 acceptant
947 2308 1105 2334 comme
1151 2295 1456 2334 veritablement
1492 2294 1546 2334 de
1577 2294 1724 2335 Galien
1763 2294 1801 2336 le

228 2368 447 2416 jugement,
481 2380 560 2416 que
593 2374 782 2417 rapportc
814 2367 854 2405 la
884 2367 998 2416 glose
1029 2366 1132 2404 citee
1164 2366 1253 2415 plus
1298 2366 1403 2412 haut,
1437 2379 1490 2404 on
1531 2379 1576 2405 se
1615 2366 1746 2409 resuse
1775 2367 1802 2407 a

231 2438 387 2477 donner
430 2440 454 2476 a
487 2438 739 2488 Hippocrate
784 2436 985 2476 lui-meme
1029 2444 1131 2476 cette
1174 2436 1458 2487 composition,
1499 2436 1527 2475 il
1570 2435 1709 2477 faudra
1744 2436 1800 2479 du

233 2510 367 2548 moins
400 2510 621 2548 l'attribuer
653 2511 678 2547 a
710 2510 930 2559 quelqu‘un
964 2509 1015 2548 de
1048 2522 1111 2547 ses
1143 2508 1331 2559 disciples
1363 2509 1420 2547 les
1452 2507 1651 2547 meilleurs
1681 2507 1800 2558 etles

231 2581 318 2630 plus
351 2580 591 2620 imme'diats.
637 2603 691 2608 ——
751 2588 753 2591 ⁴

373 2653 426 2690 At
457 2665 590 2691 acrem
623 2652 662 2690 in
695 2651 910 2702 genuinam
944 2651 1067 2689 libelli
1101 2650 1295 2701 originem
1329 2650 1518 2700 impetum
1548 2649 1642 2688 facit
1665 2649 1799 2688 Erme-

230 2723 310 2761 rins
343 2723 639 2772 prolegomenis
679 2723 730 2762 ad
776 2723 972 2773 Hippocr.
1016 2722 1110 2770 edit.
1155 2720 1324 2771 scriptis,
1372 2720 1513 2759 scholii
1559 2719 1668 2761 nisus
1708 2731 1794 2762 auc.-

230 2800 401 2833 toritate.

375 2955 404 3003 ¹)
430 2956 473 2990 cf.
500 2954 756 3001 Ἱπποκράτους
782 2956 859 3001 περὶ
885 2956 962 3001 ἱρῆς
987 2953 1092 2988 νόσου
1117 2955 1257 2999 βιβλίον
1282 2964 1348 2987 rec.
1370 2955 1424 2992 Fr.
1441 2954 1553 2987 Dietz.
1573 2954 1668 2997 Lips.
1693 2953 1795 2995 18⁸7.
