1852 3242
739 204 1004 244 „9-

89 319 248 360 tantes?
308 319 418 360 Hinc
449 320 556 370 satis,
591 329 701 373 puto,
734 321 902 374 patebit,
948 321 1138 362 dramatis
1181 321 1381 362 actionem
1423 329 1530 362 certe
1571 333 1656 361 non

91 392 270 441 flagitare
303 393 468 432 alterum
503 394 612 432 illum
644 395 869 444 prologum.
931 396 1019 433 Iure
1051 394 1170 444 igitur
1200 394 1438 444 quaerimus,
1472 407 1542 432 cur
1573 400 1656 432 tan-

91 463 183 501 dem
208 464 311 503 lianc
334 477 521 503 scaenam
545 466 763 504 inseruerit.
815 466 941 515 Quod
973 467 1096 504 altera
1128 468 1292 504 tortasse
1324 466 1509 506 ostendet
1540 478 1656 514 quae-

91 534 231 573 stionis
264 547 368 584 pars,
402 547 483 584 qua
514 536 566 574 de
598 536 723 574 divini
756 537 907 575 arbitrii
937 537 1045 587 apud
1078 537 1310 586 Euripidem
1342 543 1380 575 et
1413 536 1656 586 Sophoclem

91 612 290 655 potestate
321 606 597 645 disserendum
631 615 702 646 est.
768 609 830 646 De
862 621 943 657 quo
975 621 1082 646 nunc
1113 608 1350 647 videbimus.

234 691 367 738 Atque
408 689 447 727 in
482 681 695 740 Sophocle*
724 691 886 740 quidem
932 691 1033 729 inter
1064 691 1286 730 Minervam
1331 697 1370 729 et
1401 690 1565 728 Aiacem
1610 702 1657 728 ea

91 759 188 798 mihi
220 759 375 798 videtur
408 761 508 805 ratio
541 761 801 807 intercedere,
836 769 876 800 ut
908 762 1044 801 divina
1067 769 1104 801 et
1127 763 1299 800 humana
1322 761 1492 800 consilia
1520 761 1658 798 intima

91 832 267 880 quadam
301 832 538 870 necessitate
570 833 648 871 sint
681 833 828 871 iuncta.
893 833 1077 871 Nascitur
1108 833 1214 872 enim
1237 833 1375 871 Aiacis
1398 832 1554 871 insania
1575 844 1657 869 non

90 901 221 940 minus
252 915 300 941 ex
333 903 455 953 ipsius
489 904 631 942 mentis
664 911 767 942 statu
799 917 919 954 quam
952 918 1000 943 ex
1032 905 1239 943 Minervae
1270 905 1485 950 voluntate,
1531 903 1587 941 ita
1617 909 1658 940 ut

91 974 219 1011 neutri
263 974 364 1024 parti
410 988 481 1024 per
513 988 555 1014 se
588 976 743 1025 positae
775 976 970 1026 originem
1018 976 1136 1015 liceat
1166 976 1386 1025 ascribere;
1421 975 1524 1014 adeo
1568 980 1672 1039 sunt·

91 1045 320 1096 implicatae
355 1046 555 1097 utriusque
587 1048 740 1096 agentis
774 1047 812 1084 in
846 1047 1060 1086 efficienda
1093 1047 1319 1085 calamitate
1342 1052 1487 1096 partes,
1512 1053 1551 1084 ut
1575 1045 1658 1083 iure

91 1117 268 1162 haereas,
302 1117 423 1155 utrius
457 1119 657 1168 putandae
690 1118 767 1156 sint
814 1118 976 1168 priores
1041 1119 1142 1157 Nam
1189 1118 1261 1156 etsi
1306 1117 1437 1156 obiter
1483 1116 1657 1154 fabulam
1702 1133 1704 1135 >

91 1188 333 1238 percurrenti
366 1189 542 1228 eminere
574 1190 773 1228 videbitur
806 1203 901 1239 prae
932 1190 1057 1227 Aiace
1090 1190 1191 1228 deae
1224 1196 1414 1239 potestas,
1439 1196 1572 1226 tamen
1605 1187 1658 1225 ita

91 1259 312 1308 Sophocles
344 1260 507 1298 furentis
539 1261 674 1299 Aiacis
707 1261 899 1310 expressit
930 1260 1159 1310 imaginem,
1195 1267 1247 1305 ut,
1295 1260 1406 1309 quod
1447 1259 1498 1297 ad
1542 1259 1658 1308 origi·

90 1342 182 1368 nem
215 1330 354 1369 attinet
387 1331 579 1377 insaniae,
614 1331 726 1381 paria
759 1332 839 1370 fere
872 1331 1048 1369 habeant
1080 1338 1286 1370 momenta
1319 1331 1526 1369 Minervae
1558 1330 1659 1368 deae

91 1400 298 1439 inimicitia
314 1408 434 1450 atque
449 1402 585 1440 Aiacis
603 1402 837 1451 sanguinem
856 1401 1023 1440 sitientis
1041 1402 1164 1440 animi
1181 1410 1316 1441 status.
1342 1403 1534 1451 Apertum
1552 1400 1659 1439 enim

91 1478 151 1510 est
173 1484 304 1522 neque
328 1472 493 1511 Aiacem
517 1473 592 1510 nisi
616 1473 841 1511 vehementi
864 1480 1002 1523 captus
1028 1473 1086 1511 ira
1107 1474 1357 1511 Achaeorum
1388 1472 1554 1511 caedem
1578 1484 1659 1509 mo-

90 1542 181 1580 litus
199 1541 313 1588 esset,
334 1543 373 1580 in
392 1543 589 1581 insaniam
611 1544 730 1582 fuisse
747 1544 1008 1591 incursurum,
1028 1557 1173 1593 neque,
1193 1545 1268 1582 nisi
1287 1544 1469 1582 Minerva
1485 1548 1659 1581 mentem

91 1613 174 1652 eius
207 1614 414 1659 turbasset,
434 1615 604 1652 futurum
627 1614 758 1659 fuisse,
779 1621 819 1652 ut
836 1615 1019 1653 insanum
1040 1615 1107 1654 ille
1124 1622 1368 1665 perpetraret
1384 1614 1550 1652 facinus.
1586 1613 1658 1650 Mi-

91 1697 176 1722 rum
209 1685 326 1735 igitur
358 1685 398 1723 in
431 1686 593 1723 modum
627 1685 860 1724 consociata
892 1693 981 1723 sunt
1007 1699 1055 1724 ac
1079 1687 1183 1724 velut
1206 1693 1342 1724 mutua
1364 1685 1466 1723 inter
1488 1698 1530 1722 se
1551 1684 1659 1722 iunc-

91 1763 133 1794 ta
156 1756 310 1795 ratione
333 1756 469 1794 divina
492 1757 714 1795 moderatio
737 1764 775 1795 et
793 1758 967 1794 humana
985 1769 1112 1795 rerum
1132 1756 1334 1805 condicio,
1355 1768 1520 1805 quarum
1537 1756 1660 1793 altera

91 1826 143 1865 ad
175 1827 337 1866 alteram
371 1841 413 1866 se
445 1828 681 1869 conformat.
746 1829 895 1865 Verum
941 1835 1087 1874 tamen,
1133 1840 1375 1877 quamquam
1419 1827 1474 1865 ita
1506 1826 1656 1876 Sopho-

94 1899 175 1936 cles
207 1911 290 1936 rem
324 1898 504 1944 instituit,
539 1906 580 1936 ut
613 1899 728 1944 Aiax,
763 1907 978 1948 antequam
1011 1899 1217 1937 Minervae
1249 1912 1372 1949 opera
1404 1899 1533 1936 furore
1577 1897 1659 1934 affi-

93 1969 231 2014 ciatur,
265 1969 305 2006 in
338 1983 385 2007 ea
415 1969 466 2007 sit
498 1982 625 2008 rerum
658 1969 823 2015 ratione,
858 1982 938 2019 qua
971 1982 1041 2019 per
1062 1982 1104 2008 se
1127 1970 1310 2007 invitetur
1332 1969 1499 2017 insania,
1524 1974 1658 2006 tamen
1699 1963 1705 1967 ⁴

93 2040 267 2078 dubitari
300 2040 450 2089 nequit,
485 2041 579 2089 quin
625 2041 755 2078 valeat
787 2040 999 2090 vigeatque
1033 2041 1141 2090 apud
1174 2041 1418 2090 Sophoclem
1450 2046 1559 2078 vetus
1591 2038 1661 2076 illa

94 2111 146 2150 de
177 2110 313 2148 divina
345 2110 526 2148 insaniae
558 2110 712 2160 origine
744 2110 894 2160 opinio.
959 2112 1080 2149 Hanc
1113 2111 1258 2161 insigni
1289 2117 1454 2149 testatur
1475 2110 1659 2159 exemplo

94 2182 230 2220 Aiacis
262 2188 351 2231 post
389 2182 559 2219 solutam
591 2181 785 2219 insaniam
819 2182 870 2220 de
902 2182 1129 2220 calamitate
1162 2182 1364 2220 iudicium.
1421 2181 1530 2230 Quid
1553 2181 1658 2218 enim

95 2260 166 2301 est,
201 2265 281 2302 quo
314 2252 485 2291 maxime
517 2252 713 2290 cruciatur
746 2252 889 2291 mentis
921 2242 1089 2302 compos
1122 2253 1273 2291 factus?
1321 2254 1384 2290 An
1417 2252 1526 2302 quod
1559 2238 1673 2289 furo?

94 2338 138 2363 re
170 2331 375 2373 correptus
408 2324 607 2373 pecudum
639 2323 766 2361 edidit
798 2323 996 2373 stragem?
1060 2323 1227 2362 Minime
1250 2323 1290 2362 id
1313 2321 1498 2372 quidem!
1552 2323 1660 2360 Bene

95 2395 202 2434 enim
235 2395 322 2439 scit,
356 2407 438 2433 non
472 2394 546 2432 sibi
580 2394 652 2432 sed
686 2394 891 2432 Minervae
924 2394 1088 2432 auctrici
1122 2395 1200 2432 hoc
1230 2395 1383 2433 facinus
1415 2407 1502 2432 esse
1543 2393 1659 2431 ascri-

96 2466 287 2504 bendum.
339 2465 419 2503 Sed
452 2465 546 2503 inde
578 2477 718 2502 omnes
751 2465 928 2502 oriuntur
959 2465 1102 2503 mentis
1134 2465 1328 2504 cruciatus
1360 2472 1411 2511 et,
1435 2465 1546 2514 quod
1568 2465 1659 2502 eflu-

96 2542 240 2586 gerunt
270 2536 434 2574 caedem
470 2542 580 2573 tanta
612 2547 703 2573 cum
735 2535 942 2585 diligentia
973 2543 1247 2585 praeparatam
1272 2536 1524 2574 Achaeorum
1557 2534 1657 2584 prin-

102 2607 226 2656 cipes,
260 2613 310 2652 et,
340 2606 448 2655 quod
483 2606 602 2643 risum
637 2606 760 2643 movit
791 2606 1212 2656 contemptionemque
1243 2606 1492 2644 inimicorum
1525 2605 1662 2643 divino

99 2677 262 2715 arbitrio
295 2677 348 2715 ad
380 2677 529 2714 irritum
562 2676 738 2721 redacto,
763 2677 872 2726 quod
895 2676 973 2714 iam
996 2677 1205 2715 effecturus
1228 2684 1322 2723 erat,
1348 2676 1529 2715 consilio.
1584 2676 1659 2714 Ne-

99 2760 176 2797 que
209 2747 327 2786 aliam
361 2748 414 2785 ob
446 2759 608 2786 causam
641 2760 804 2786 manum
836 2747 913 2785 sibi
945 2749 1069 2793 affert,
1104 2761 1224 2797 quam
1258 2749 1368 2797 quod
1400 2748 1566 2786 deorum
1598 2760 1659 2785 ex-

100 2826 232 2868 pertus
264 2826 323 2857 est
353 2818 557 2856 invidiam.
622 2818 769 2856 Animo
802 2818 908 2856 enim
940 2831 1075 2856 secum
1107 2826 1306 2868 reputans,
1333 2826 1459 2856 utrum
1493 2820 1660 2856 mortem

100 2890 175 2928 sibi
207 2889 458 2928 consciscere
489 2897 661 2940 praestet
693 2902 745 2928 an
777 2889 897 2928 vitam
930 2890 1159 2940 perducere,
1194 2891 1294 2929 haec
1338 2890 1459 2929 dicit:
1494 2890 1541 2927 ef.
1582 2902 1658 2928 vss.

100 2971 180 3012 457
217 2972 331 3010 seqq·
