<?xml version="1.0" encoding="UTF-8"?>
<!DOCTYPE html PUBLIC "-//W3C//DTD XHTML 1.0 Transitional//EN"
    "http://www.w3.org/TR/xhtml1/DTD/xhtml1-transitional.dtd">
<html xmlns="http://www.w3.org/1999/xhtml" xml:lang="en" lang="en">
 <head>
  <title>
</title>
<meta http-equiv="Content-Type" content="text/html;charset=utf-8" />
  <meta name='ocr-system' content='tesseract 3.04.00' />
  <meta name='ocr-capabilities' content='ocr_page ocr_carea ocr_par ocr_line ocrx_word'/>
</head>
<body>
  <div class='ocr_page' id='page_1' title='image "./tragicigraeciqua00harruoft_0051.png"; bbox 0 0 1884 3230; ppageno 0'>
   <div class='ocr_carea' id='block_1_1' title="bbox 784 211 1081 250">
    <p class='ocr_par' dir='ltr' id='par_1_1' title="bbox 784 211 1081 250">
     <span class='ocr_line' id='line_1_1' title="bbox 784 211 1081 250; baseline 0 -20"><span class='ocrx_word' id='word_1_1' title='bbox 784 211 1081 250; x_wconf 60' lang='lat'><strong>„45-</strong></span> 
     </span>
    </p>
   </div>
   <div class='ocr_carea' id='block_1_2' title="bbox 151 329 1715 1716">
    <p class='ocr_par' dir='ltr' id='par_1_2' title="bbox 152 329 1714 451">
     <span class='ocr_line' id='line_1_2' title="bbox 296 329 1714 378; baseline 0.002 -12"><span class='ocrx_word' id='word_1_2' title='bbox 296 329 420 378; x_wconf 86' lang='lat' dir='ltr'>Atqui</span> <span class='ocrx_word' id='word_1_3' title='bbox 451 335 571 378; x_wconf 81' lang='lat' dir='ltr'>n&#39;ego,</span> <span class='ocrx_word' id='word_1_4' title='bbox 602 329 787 368; x_wconf 86' lang='lat' dir='ltr'>scholion</span> <span class='ocrx_word' id='word_1_5' title='bbox 819 342 954 368; x_wconf 83' lang='lat' dir='ltr'>verum</span> <span class='ocrx_word' id='word_1_6' title='bbox 987 329 1174 369; x_wconf 87' lang='lat' dir='ltr'>exhibere</span> <span class='ocrx_word' id='word_1_7' title='bbox 1207 330 1350 368; x_wconf 79' lang='lat' dir='ltr'>Galeni</span> <span class='ocrx_word' id='word_1_8' title='bbox 1382 330 1434 368; x_wconf 88' lang='lat' dir='ltr'>de</span> <span class='ocrx_word' id='word_1_9' title='bbox 1477 330 1614 369; x_wconf 93' lang='lat' dir='ltr'>libello</span> <span class='ocrx_word' id='word_1_10' title='bbox 1646 343 1714 369; x_wconf 90' lang='lat' dir='ltr'>no-</span> 
     </span>
     <span class='ocr_line' id='line_1_3' title="bbox 152 399 1524 451; baseline 0.001 -13"><span class='ocrx_word' id='word_1_11' title='bbox 152 406 234 438; x_wconf 86' lang='lat' dir='ltr'>stro</span> <span class='ocrx_word' id='word_1_12' title='bbox 264 399 467 440; x_wconf 81' lang='lat' dir='ltr'>indiciam.</span> <span class='ocrx_word' id='word_1_13' title='bbox 530 401 593 438; x_wconf 90' lang='lat' dir='ltr'>De</span> <span class='ocrx_word' id='word_1_14' title='bbox 625 413 707 449; x_wconf 89' lang='lat' dir='ltr'>quo</span> <span class='ocrx_word' id='word_1_15' title='bbox 738 401 959 439; x_wconf 85' lang='lat' dir='ltr'>accuratius</span> <span class='ocrx_word' id='word_1_16' title='bbox 992 402 1127 451; x_wconf 93' lang='lat' dir='ltr'>paullo</span> <span class='ocrx_word' id='word_1_17' title='bbox 1160 402 1277 440; x_wconf 91' lang='lat' dir='ltr'>liceat</span> <span class='ocrx_word' id='word_1_18' title='bbox 1309 401 1524 450; x_wconf 87' lang='lat' dir='ltr'>disputare.</span> 
     </span>
    </p>

    <p class='ocr_par' dir='ltr' id='par_1_3' title="bbox 151 471 1715 734">
     <span class='ocr_line' id='line_1_4' title="bbox 294 471 1713 523; baseline 0.001 -15"><span class='ocrx_word' id='word_1_19' title='bbox 294 471 441 516; x_wconf 87' lang='lat' dir='ltr'>Verum</span> <span class='ocrx_word' id='word_1_20' title='bbox 475 478 560 509; x_wconf 86' lang='lat' dir='ltr'>esto</span> <span class='ocrx_word' id='word_1_21' title='bbox 593 471 702 520; x_wconf 91' lang='lat' dir='ltr'>quod</span> <span class='ocrx_word' id='word_1_22' title='bbox 734 472 942 510; x_wconf 84' lang='lat' dir='ltr'><strong>contendit</strong></span> <span class='ocrx_word' id='word_1_23' title='bbox 974 472 1188 517; x_wconf 87' lang='lat' dir='ltr'>Ermerins,</span> <span class='ocrx_word' id='word_1_24' title='bbox 1221 472 1362 523; x_wconf 87' lang='lat' dir='ltr'>scholii</span> <span class='ocrx_word' id='word_1_25' title='bbox 1402 473 1523 510; x_wconf 79' lang='lat' dir='ltr'>verba</span> <span class='ocrx_word' id='word_1_26' title='bbox 1556 472 1713 510; x_wconf 87' lang='lat' dir='ltr'>solitum</span> 
     </span>
     <span class='ocr_line' id='line_1_5' title="bbox 154 542 1715 592; baseline 0 -12"><span class='ocrx_word' id='word_1_27' title='bbox 154 542 299 581; x_wconf 85' lang='lat' dir='ltr'>referre</span> <span class='ocrx_word' id='word_1_28' title='bbox 330 542 564 591; x_wconf 85' lang='lat' dir='ltr'>Pergameni</span> <span class='ocrx_word' id='word_1_29' title='bbox 597 542 786 580; x_wconf 90' lang='lat' dir='ltr'>orationis</span> <span class='ocrx_word' id='word_1_30' title='bbox 819 543 1009 583; x_wconf 83' lang='lat' dir='ltr'>colorem.</span> <span class='ocrx_word' id='word_1_31' title='bbox 1052 544 1100 581; x_wconf 93' lang='lat' dir='ltr'>Id</span> <span class='ocrx_word' id='word_1_32' title='bbox 1131 550 1266 581; x_wconf 91' lang='lat' dir='ltr'>tamen</span> <span class='ocrx_word' id='word_1_33' title='bbox 1298 555 1460 592; x_wconf 86' lang='lat' dir='ltr'>quaero,</span> <span class='ocrx_word' id='word_1_34' title='bbox 1493 555 1587 580; x_wconf 89' lang='lat' dir='ltr'>num</span> <span class='ocrx_word' id='word_1_35' title='bbox 1619 543 1715 581; x_wconf 88' lang='lat' dir='ltr'>veri-</span> 
     </span>
     <span class='ocr_line' id='line_1_6' title="bbox 151 612 1712 663; baseline 0.001 -13"><span class='ocrx_word' id='word_1_36' title='bbox 151 612 280 650; x_wconf 86' lang='lat' dir='ltr'><strong>simile</strong></span> <span class='ocrx_word' id='word_1_37' title='bbox 311 613 360 650; x_wconf 92' lang='lat' dir='ltr'>sit</span> <span class='ocrx_word' id='word_1_38' title='bbox 392 613 444 650; x_wconf 90' lang='lat' dir='ltr'>ad</span> <span class='ocrx_word' id='word_1_39' title='bbox 476 620 653 650; x_wconf 87' lang='lat' dir='ltr'>nostrum</span> <span class='ocrx_word' id='word_1_40' title='bbox 686 613 828 651; x_wconf 87' lang='lat' dir='ltr'>libmm</span> <span class='ocrx_word' id='word_1_41' title='bbox 870 614 973 651; x_wconf 91' lang='lat' dir='ltr'>hanc</span> <span class='ocrx_word' id='word_1_42' title='bbox 1017 614 1319 652; x_wconf 89' lang='lat' dir='ltr'>adnotationem</span> <span class='ocrx_word' id='word_1_43' title='bbox 1363 626 1453 651; x_wconf 89' lang='lat' dir='ltr'>eum</span> <span class='ocrx_word' id='word_1_44' title='bbox 1495 614 1712 663; x_wconf 85' lang='lat' dir='ltr'>scripsisse.</span> 
     </span>
     <span class='ocr_line' id='line_1_7' title="bbox 153 683 1556 734; baseline 0.001 -13"><span class='ocrx_word' id='word_1_45' title='bbox 153 683 278 732; x_wconf 85' lang='lat' dir='ltr'>Quod</span> <span class='ocrx_word' id='word_1_46' title='bbox 309 690 350 721; x_wconf 91' lang='lat' dir='ltr'>ut</span> <span class='ocrx_word' id='word_1_47' title='bbox 381 683 574 729; x_wconf 90' lang='lat' dir='ltr'>dubitem,</span> <span class='ocrx_word' id='word_1_48' title='bbox 607 683 695 733; x_wconf 88' lang='lat' dir='ltr'>ipsa</span> <span class='ocrx_word' id='word_1_49' title='bbox 726 684 956 734; x_wconf 88' lang='lat' dir='ltr'>Ermerinsii</span> <span class='ocrx_word' id='word_1_50' title='bbox 988 684 1279 734; x_wconf 86' lang='lat' dir='ltr'>argumentatio</span> <span class='ocrx_word' id='word_1_51' title='bbox 1311 697 1375 722; x_wconf 91' lang='lat' dir='ltr'>me</span> <span class='ocrx_word' id='word_1_52' title='bbox 1406 684 1556 722; x_wconf 86' lang='lat' dir='ltr'>invitat.</span> 
     </span>
    </p>

    <p class='ocr_par' dir='ltr' id='par_1_4' title="bbox 151 754 1715 1573">
     <span class='ocr_line' id='line_1_8' title="bbox 294 754 1715 805; baseline 0.001 -13"><span class='ocrx_word' id='word_1_53' title='bbox 294 754 423 804; x_wconf 90' lang='lat' dir='ltr'>Spurii</span> <span class='ocrx_word' id='word_1_54' title='bbox 455 754 507 792; x_wconf 90' lang='lat' dir='ltr'>de</span> <span class='ocrx_word' id='word_1_55' title='bbox 538 755 680 792; x_wconf 90' lang='lat' dir='ltr'>morbo</span> <span class='ocrx_word' id='word_1_56' title='bbox 713 767 828 792; x_wconf 92' lang='lat' dir='ltr'>sacro</span> <span class='ocrx_word' id='word_1_57' title='bbox 859 762 1048 793; x_wconf 88' lang='lat' dir='ltr'>tractatus</span> <span class='ocrx_word' id='word_1_58' title='bbox 1087 755 1281 805; x_wconf 88' lang='lat' dir='ltr'>originem</span> <span class='ocrx_word' id='word_1_59' title='bbox 1325 762 1451 793; x_wconf 87' lang='lat' dir='ltr'>totam</span> <span class='ocrx_word' id='word_1_60' title='bbox 1496 756 1578 793; x_wconf 87' lang='lat' dir='ltr'>fere</span> <span class='ocrx_word' id='word_1_61' title='bbox 1619 756 1715 793; x_wconf 91' lang='lat' dir='ltr'>inde</span> 
     </span>
     <span class='ocr_line' id='line_1_9' title="bbox 153 824 1713 875; baseline 0.001 -13"><span class='ocrx_word' id='word_1_62' title='bbox 153 824 294 874; x_wconf 89' lang='lat' dir='ltr'>repetit</span> <span class='ocrx_word' id='word_1_63' title='bbox 326 824 540 869; x_wconf 89' lang='lat' dir='ltr'>Ermerins,</span> <span class='ocrx_word' id='word_1_64' title='bbox 574 826 685 874; x_wconf 91' lang='lat' dir='ltr'>quod</span> <span class='ocrx_word' id='word_1_65' title='bbox 717 826 987 875; x_wconf 85' lang='lat' dir='ltr'>Hippocrates</span> <span class='ocrx_word' id='word_1_66' title='bbox 1019 826 1059 864; x_wconf 92' lang='lat' dir='ltr'>in</span> <span class='ocrx_word' id='word_1_67' title='bbox 1091 827 1207 872; x_wconf 89' lang='lat' dir='ltr'>libro,</span> <span class='ocrx_word' id='word_1_68' title='bbox 1241 839 1359 875; x_wconf 90' lang='lat' dir='ltr'>quem</span> <span class='ocrx_word' id='word_1_69' title='bbox 1383 826 1434 864; x_wconf 90' lang='lat' dir='ltr'>de</span> <span class='ocrx_word' id='word_1_70' title='bbox 1457 838 1560 872; x_wconf 88' lang='lat' dir='ltr'>aere,</span> <span class='ocrx_word' id='word_1_71' title='bbox 1586 826 1713 875; x_wconf 86' lang='lat' dir='ltr'>aquis,</span> 
     </span>
     <span class='ocr_line' id='line_1_10' title="bbox 151 895 1714 946; baseline 0.001 -13"><span class='ocrx_word' id='word_1_72' title='bbox 151 895 251 933; x_wconf 89' lang='lat' dir='ltr'>locis</span> <span class='ocrx_word' id='word_1_73' title='bbox 283 896 531 945; x_wconf 85' lang='lat' dir='ltr'>conscripsit,</span> <span class='ocrx_word' id='word_1_74' title='bbox 577 896 735 945; x_wconf 88' lang='lat' dir='ltr'>longius</span> <span class='ocrx_word' id='word_1_75' title='bbox 776 897 934 935; x_wconf 88' lang='lat' dir='ltr'>disserit</span> <span class='ocrx_word' id='word_1_76' title='bbox 978 897 1030 935; x_wconf 90' lang='lat' dir='ltr'>de</span> <span class='ocrx_word' id='word_1_77' title='bbox 1072 897 1181 935; x_wconf 84' lang='lat' dir='ltr'>falsis</span> <span class='ocrx_word' id='word_1_78' title='bbox 1214 898 1449 946; x_wconf 87' lang='lat' dir='ltr'>Scytharum</span> <span class='ocrx_word' id='word_1_79' title='bbox 1494 897 1545 935; x_wconf 93' lang='lat' dir='ltr'>de</span> <span class='ocrx_word' id='word_1_80' title='bbox 1586 897 1714 935; x_wconf 91' lang='lat' dir='ltr'>morbi</span> 
     </span>
     <span class='ocr_line' id='line_1_11' title="bbox 151 964 1714 1021; baseline 0.003 -18"><span class='ocrx_word' id='word_1_81' title='bbox 151 966 355 1004; x_wconf 88' lang='lat' dir='ltr'>cuiusdam</span> <span class='ocrx_word' id='word_1_82' title='bbox 388 966 594 1005; x_wconf 89' lang='lat' dir='ltr'>divinitate</span> <span class='ocrx_word' id='word_1_83' title='bbox 627 967 898 1016; x_wconf 87' lang='lat' dir='ltr'>opinionibus.</span> <span class='ocrx_word' id='word_1_84' title='bbox 963 964 1028 1021; x_wconf 87' lang='lat' dir='ltr'>(cf.</span> <span class='ocrx_word' id='word_1_85' title='bbox 1069 969 1220 1017; x_wconf 82' lang='lat' dir='ltr'>proleg.</span> <span class='ocrx_word' id='word_1_86' title='bbox 1269 981 1362 1018; x_wconf 87' lang='lat' dir='ltr'>pgg.</span> <span class='ocrx_word' id='word_1_87' title='bbox 1394 968 1550 1005; x_wconf 92' lang='lat' dir='ltr'>XXXV</span> <span class='ocrx_word' id='word_1_88' title='bbox 1582 965 1714 1019; x_wconf 89' lang='lat' dir='ltr'>seqq.)</span> 
     </span>
     <span class='ocr_line' id='line_1_12' title="bbox 153 1037 1714 1088; baseline 0.001 -14"><span class='ocrx_word' id='word_1_89' title='bbox 153 1037 262 1075; x_wconf 90' lang='lat' dir='ltr'>Hinc</span> <span class='ocrx_word' id='word_1_90' title='bbox 293 1037 412 1087; x_wconf 87' lang='lat' dir='ltr'>igitur</span> <span class='ocrx_word' id='word_1_91' title='bbox 443 1050 581 1075; x_wconf 88' lang='lat' dir='ltr'>ansam</span> <span class='ocrx_word' id='word_1_92' title='bbox 615 1038 831 1087; x_wconf 87' lang='lat' dir='ltr'>sumpsisse</span> <span class='ocrx_word' id='word_1_93' title='bbox 862 1038 1080 1087; x_wconf 87' lang='lat' dir='ltr'>sophistam</span> <span class='ocrx_word' id='word_1_94' title='bbox 1114 1038 1288 1088; x_wconf 89' lang='lat' dir='ltr'>aliquem</span> <span class='ocrx_word' id='word_1_95' title='bbox 1321 1039 1498 1076; x_wconf 92' lang='lat' dir='ltr'>libellum</span> <span class='ocrx_word' id='word_1_96' title='bbox 1532 1039 1583 1076; x_wconf 91' lang='lat' dir='ltr'>de</span> <span class='ocrx_word' id='word_1_97' title='bbox 1615 1051 1714 1076; x_wconf 88' lang='lat' dir='ltr'>mor-</span> 
     </span>
     <span class='ocr_line' id='line_1_13' title="bbox 154 1108 1713 1159; baseline 0.001 -13"><span class='ocrx_word' id='word_1_98' title='bbox 154 1108 207 1146; x_wconf 91' lang='lat' dir='ltr'>bo</span> <span class='ocrx_word' id='word_1_99' title='bbox 238 1121 354 1146; x_wconf 89' lang='lat' dir='ltr'>sacro</span> <span class='ocrx_word' id='word_1_100' title='bbox 396 1109 448 1146; x_wconf 92' lang='lat' dir='ltr'>ad</span> <span class='ocrx_word' id='word_1_101' title='bbox 487 1109 748 1158; x_wconf 89' lang='lat' dir='ltr'>Hippocratis</span> <span class='ocrx_word' id='word_1_102' title='bbox 790 1110 1016 1158; x_wconf 89' lang='lat' dir='ltr'>exemplum</span> <span class='ocrx_word' id='word_1_103' title='bbox 1060 1110 1358 1159; x_wconf 84' lang='lat' dir='ltr'>componendi;</span> <span class='ocrx_word' id='word_1_104' title='bbox 1405 1109 1467 1147; x_wconf 90' lang='lat' dir='ltr'>cui</span> <span class='ocrx_word' id='word_1_105' title='bbox 1509 1109 1713 1147; x_wconf 88' lang='lat' dir='ltr'>materiam</span> 
     </span>
     <span class='ocr_line' id='line_1_14' title="bbox 154 1179 1715 1230; baseline 0.001 -14"><span class='ocrx_word' id='word_1_106' title='bbox 154 1179 429 1228; x_wconf 86' lang='lat' dir='ltr'>suppeditasse</span> <span class='ocrx_word' id='word_1_107' title='bbox 460 1179 555 1217; x_wconf 91' lang='lat' dir='ltr'>satis</span> <span class='ocrx_word' id='word_1_108' title='bbox 587 1179 777 1218; x_wconf 89' lang='lat' dir='ltr'>idoneam</span> <span class='ocrx_word' id='word_1_109' title='bbox 820 1180 991 1218; x_wconf 85' lang='lat' dir='ltr'>eundem</span> <span class='ocrx_word' id='word_1_110' title='bbox 1034 1181 1085 1218; x_wconf 93' lang='lat' dir='ltr'>de</span> <span class='ocrx_word' id='word_1_111' title='bbox 1116 1193 1207 1219; x_wconf 90' lang='lat' dir='ltr'>aere</span> <span class='ocrx_word' id='word_1_112' title='bbox 1247 1180 1361 1230; x_wconf 89' lang='lat' dir='ltr'>aquis</span> <span class='ocrx_word' id='word_1_113' title='bbox 1401 1180 1500 1217; x_wconf 87' lang='lat' dir='ltr'>locis</span> <span class='ocrx_word' id='word_1_114' title='bbox 1544 1180 1715 1224; x_wconf 80' lang='lat' dir='ltr'>librum;</span> 
     </span>
     <span class='ocr_line' id='line_1_15' title="bbox 153 1250 1714 1300; baseline 0.001 -13"><span class='ocrx_word' id='word_1_115' title='bbox 153 1261 256 1299; x_wconf 90' lang='lat' dir='ltr'>quae</span> <span class='ocrx_word' id='word_1_116' title='bbox 288 1256 419 1288; x_wconf 91' lang='lat' dir='ltr'>autem</span> <span class='ocrx_word' id='word_1_117' title='bbox 451 1251 503 1288; x_wconf 91' lang='lat' dir='ltr'>de</span> <span class='ocrx_word' id='word_1_118' title='bbox 535 1250 697 1300; x_wconf 92' lang='lat' dir='ltr'>Libycis</span> <span class='ocrx_word' id='word_1_119' title='bbox 728 1257 862 1289; x_wconf 90' lang='lat' dir='ltr'>narret</span> <span class='ocrx_word' id='word_1_120' title='bbox 903 1258 1042 1289; x_wconf 88' lang='lat' dir='ltr'>auctor</span> <span class='ocrx_word' id='word_1_121' title='bbox 1081 1258 1228 1297; x_wconf 88' lang='lat' dir='ltr'>noster,</span> <span class='ocrx_word' id='word_1_122' title='bbox 1277 1263 1324 1289; x_wconf 89' lang='lat' dir='ltr'>ea</span> <span class='ocrx_word' id='word_1_123' title='bbox 1366 1251 1443 1288; x_wconf 89' lang='lat' dir='ltr'>sibi</span> <span class='ocrx_word' id='word_1_124' title='bbox 1481 1251 1617 1289; x_wconf 86' lang='lat' dir='ltr'>statuit</span> <span class='ocrx_word' id='word_1_125' title='bbox 1648 1252 1714 1288; x_wconf 92' lang='lat' dir='ltr'>Er-</span> 
     </span>
     <span class='ocr_line' id='line_1_16' title="bbox 152 1318 1714 1375; baseline 0.001 -17"><span class='ocrx_word' id='word_1_126' title='bbox 152 1320 298 1358; x_wconf 89' lang='lat' dir='ltr'>merins</span> <span class='ocrx_word' id='word_1_127' title='bbox 330 1332 353 1358; x_wconf 97' lang='lat' dir='ltr'>e</span> <span class='ocrx_word' id='word_1_128' title='bbox 375 1321 585 1371; x_wconf 87' lang='lat' dir='ltr'>deperdita</span> <span class='ocrx_word' id='word_1_129' title='bbox 607 1321 706 1358; x_wconf 27' lang='lat' dir='ltr'>*libri</span> <span class='ocrx_word' id='word_1_130' title='bbox 738 1321 842 1359; x_wconf 90' lang='lat' dir='ltr'>illius</span> <span class='ocrx_word' id='word_1_131' title='bbox 873 1329 985 1371; x_wconf 89' lang='lat' dir='ltr'>parte</span> <span class='ocrx_word' id='word_1_132' title='bbox 1017 1334 1104 1359; x_wconf 91' lang='lat' dir='ltr'>esse</span> <span class='ocrx_word' id='word_1_133' title='bbox 1125 1329 1304 1371; x_wconf 86' lang='lat' dir='ltr'>sumpta;</span> <span class='ocrx_word' id='word_1_134' title='bbox 1328 1322 1394 1368; x_wconf 91' lang='lat' dir='ltr'>(cf.</span> <span class='ocrx_word' id='word_1_135' title='bbox 1418 1335 1483 1371; x_wconf 89' lang='lat' dir='ltr'>pg.</span> <span class='ocrx_word' id='word_1_136' title='bbox 1510 1318 1714 1375; x_wconf 87' lang='lat' dir='ltr'>LXVIII.)</span> 
     </span>
     <span class='ocr_line' id='line_1_17' title="bbox 152 1391 1715 1442; baseline 0.001 -13"><span class='ocrx_word' id='word_1_137' title='bbox 152 1391 220 1440; x_wconf 88' lang='lat' dir='ltr'>qui</span> <span class='ocrx_word' id='word_1_138' title='bbox 251 1399 496 1441; x_wconf 87' lang='lat' dir='ltr'>quantopere</span> <span class='ocrx_word' id='word_1_139' title='bbox 527 1392 752 1430; x_wconf 91' lang='lat' dir='ltr'>consentiat</span> <span class='ocrx_word' id='word_1_140' title='bbox 783 1393 985 1430; x_wconf 86' lang='lat' dir='ltr'>nonnullis</span> <span class='ocrx_word' id='word_1_141' title='bbox 1017 1393 1117 1431; x_wconf 94' lang='lat' dir='ltr'>locis</span> <span class='ocrx_word' id='word_1_142' title='bbox 1149 1405 1239 1430; x_wconf 90' lang='lat' dir='ltr'>cum</span> <span class='ocrx_word' id='word_1_143' title='bbox 1271 1400 1408 1431; x_wconf 87' lang='lat' dir='ltr'>nostro</span> <span class='ocrx_word' id='word_1_144' title='bbox 1429 1399 1609 1438; x_wconf 86' lang='lat' dir='ltr'>tractatu,</span> <span class='ocrx_word' id='word_1_145' title='bbox 1633 1394 1715 1442; x_wconf 92' lang='lat' dir='ltr'>plu-</span> 
     </span>
     <span class='ocr_line' id='line_1_18' title="bbox 152 1461 1715 1513; baseline 0.001 -14"><span class='ocrx_word' id='word_1_146' title='bbox 152 1461 259 1500; x_wconf 84' lang='lat' dir='ltr'>ribus</span> <span class='ocrx_word' id='word_1_147' title='bbox 292 1462 458 1500; x_wconf 88' lang='lat' dir='ltr'>illustrat</span> <span class='ocrx_word' id='word_1_148' title='bbox 491 1463 684 1513; x_wconf 89' lang='lat' dir='ltr'>exemplis</span> <span class='ocrx_word' id='word_1_149' title='bbox 716 1476 810 1513; x_wconf 87' lang='lat' dir='ltr'>pgg.</span> <span class='ocrx_word' id='word_1_150' title='bbox 843 1464 1143 1513; x_wconf 73' lang='lat' dir='ltr'>XXXVIlVH3</span> <span class='ocrx_word' id='word_1_151' title='bbox 1177 1476 1282 1513; x_wconf 91' lang='lat' dir='ltr'>quae</span> <span class='ocrx_word' id='word_1_152' title='bbox 1314 1464 1470 1501; x_wconf 86' lang='lat' dir='ltr'>diversa</span> <span class='ocrx_word' id='word_1_153' title='bbox 1509 1463 1599 1509; x_wconf 84' lang='lat' dir='ltr'>sint,</span> <span class='ocrx_word' id='word_1_154' title='bbox 1633 1476 1715 1501; x_wconf 92' lang='lat' dir='ltr'>non</span> 
     </span>
     <span class='ocr_line' id='line_1_19' title="bbox 151 1533 314 1573; baseline 0.012 -2"><span class='ocrx_word' id='word_1_155' title='bbox 151 1533 314 1573; x_wconf 88' lang='lat' dir='ltr'>curavit.</span> 
     </span>
    </p>

    <p class='ocr_par' dir='ltr' id='par_1_5' title="bbox 152 1605 1715 1716">
     <span class='ocr_line' id='line_1_20' title="bbox 295 1605 1715 1656; baseline 0.001 -14"><span class='ocrx_word' id='word_1_156' title='bbox 295 1605 428 1653; x_wconf 88' lang='lat' dir='ltr'>Atque</span> <span class='ocrx_word' id='word_1_157' title='bbox 459 1605 610 1654; x_wconf 85' lang='lat' dir='ltr'>optime</span> <span class='ocrx_word' id='word_1_158' title='bbox 642 1605 804 1655; x_wconf 91' lang='lat' dir='ltr'>quidem</span> <span class='ocrx_word' id='word_1_159' title='bbox 837 1619 1026 1655; x_wconf 88' lang='lat' dir='ltr'>magnam</span> <span class='ocrx_word' id='word_1_160' title='bbox 1058 1606 1160 1644; x_wconf 88' lang='lat' dir='ltr'>inter</span> <span class='ocrx_word' id='word_1_161' title='bbox 1180 1606 1383 1656; x_wconf 86' lang='lat' dir='ltr'>utriusque</span> <span class='ocrx_word' id='word_1_162' title='bbox 1404 1606 1495 1644; x_wconf 91' lang='lat' dir='ltr'>libri</span> <span class='ocrx_word' id='word_1_163' title='bbox 1517 1606 1715 1655; x_wconf 91' lang='lat' dir='ltr'>quosdam</span> 
     </span>
     <span class='ocr_line' id='line_1_21' title="bbox 152 1675 1166 1716; baseline 0.004 -5"><span class='ocrx_word' id='word_1_164' title='bbox 152 1675 264 1712; x_wconf 91' lang='lat' dir='ltr'>locos</span> <span class='ocrx_word' id='word_1_165' title='bbox 296 1675 594 1714; x_wconf 90' lang='lat' dir='ltr'>similitudinem</span> <span class='ocrx_word' id='word_1_166' title='bbox 627 1677 781 1714; x_wconf 91' lang='lat' dir='ltr'>monuit</span> <span class='ocrx_word' id='word_1_167' title='bbox 812 1677 870 1714; x_wconf 91' lang='lat' dir='ltr'>vir</span> <span class='ocrx_word' id='word_1_168' title='bbox 901 1677 1166 1716; x_wconf 91' lang='lat' dir='ltr'>doctissimus.</span> 
     </span>
    </p>
   </div>
   <div class='ocr_carea' id='block_1_3' title="bbox 153 1745 1002 1795">
    <p class='ocr_par' dir='ltr' id='par_1_6' title="bbox 153 1745 1002 1795">
     <span class='ocr_line' id='line_1_22' title="bbox 153 1745 1002 1795; baseline 0.005 -13"><span class='ocrx_word' id='word_1_169' title='bbox 153 1745 311 1795; x_wconf 81' lang='lat' dir='ltr'>spicias,</span> <span class='ocrx_word' id='word_1_170' title='bbox 345 1746 574 1795; x_wconf 82' lang='lat' dir='ltr'>potissimos</span> <span class='ocrx_word' id='word_1_171' title='bbox 605 1747 718 1785; x_wconf 90' lang='lat' dir='ltr'>locos</span> <span class='ocrx_word' id='word_1_172' title='bbox 749 1748 1002 1786; x_wconf 86' lang='lat' dir='ltr'>adscribam:</span> 
     </span>
    </p>
   </div>
   <div class='ocr_carea' id='block_1_4' title="bbox 1232 1678 1714 1726">
    <p class='ocr_par' dir='ltr' id='par_1_7' title="bbox 1232 1678 1714 1726">
     <span class='ocr_line' id='line_1_23' title="bbox 1232 1678 1714 1726; baseline -0.002 -11"><span class='ocrx_word' id='word_1_173' title='bbox 1232 1678 1366 1726; x_wconf 87' lang='lat' dir='ltr'>Quam</span> <span class='ocrx_word' id='word_1_174' title='bbox 1398 1684 1439 1715; x_wconf 91' lang='lat' dir='ltr'>ut</span> <span class='ocrx_word' id='word_1_175' title='bbox 1482 1678 1587 1715; x_wconf 89' lang='lat' dir='ltr'>clare</span> <span class='ocrx_word' id='word_1_176' title='bbox 1629 1690 1714 1726; x_wconf 91' lang='lat' dir='ltr'>per-</span> 
     </span>
    </p>
   </div>
   <div class='ocr_carea' id='block_1_5' title="bbox 153 1828 1494 1881">
    <p class='ocr_par' dir='ltr' id='par_1_8' title="bbox 153 1828 1494 1881">
     <span class='ocr_line' id='line_1_24' title="bbox 153 1828 1494 1881; baseline 0.001 -15"><span class='ocrx_word' id='word_1_177' title='bbox 153 1828 206 1866; x_wconf 91' lang='lat' dir='ltr'>de</span> <span class='ocrx_word' id='word_1_178' title='bbox 237 1828 366 1867; x_wconf 88' lang='lat' dir='ltr'>morb.</span> <span class='ocrx_word' id='word_1_179' title='bbox 399 1840 498 1867; x_wconf 90' lang='lat' dir='ltr'>sacr.</span> <span class='ocrx_word' id='word_1_180' title='bbox 523 1829 585 1879; x_wconf 92' lang='lat' dir='ltr'>(L.</span> <span class='ocrx_word' id='word_1_181' title='bbox 609 1831 678 1868; x_wconf 91' lang='lat' dir='ltr'>VI.</span> <span class='ocrx_word' id='word_1_182' title='bbox 705 1842 770 1879; x_wconf 86' lang='lat' dir='ltr'>pg.</span> <span class='ocrx_word' id='word_1_183' title='bbox 795 1830 898 1881; x_wconf 84' lang='lat'>394)</span> <span class='ocrx_word' id='word_1_184' title='bbox 971 1831 1022 1868; x_wconf 93' lang='lat' dir='ltr'>de</span> <span class='ocrx_word' id='word_1_185' title='bbox 1063 1843 1167 1874; x_wconf 85' lang='lat' dir='ltr'>aere,</span> <span class='ocrx_word' id='word_1_186' title='bbox 1214 1830 1341 1880; x_wconf 91' lang='lat' dir='ltr'>aquis,</span> <span class='ocrx_word' id='word_1_187' title='bbox 1382 1831 1494 1870; x_wconf 89' lang='lat' dir='ltr'>locis.</span> 
     </span>
    </p>
   </div>
   <div class='ocr_carea' id='block_1_6' title="bbox 1257 1902 1430 1951">
    <p class='ocr_par' dir='ltr' id='par_1_9' title="bbox 1257 1902 1430 1951">
     <span class='ocr_line' id='line_1_25' title="bbox 1257 1902 1430 1951; baseline 0.006 -1"><span class='ocrx_word' id='word_1_188' title='bbox 1257 1914 1322 1951; x_wconf 80' lang='lat' dir='ltr'>pg·</span> <span class='ocrx_word' id='word_1_189' title='bbox 1360 1902 1430 1951; x_wconf 86' lang='lat'>76)</span> 
     </span>
    </p>
   </div>
   <div class='ocr_carea' id='block_1_7' title="bbox 1559 1830 1713 1882">
    <p class='ocr_par' dir='ltr' id='par_1_10' title="bbox 1559 1830 1713 1882">
     <span class='ocr_line' id='line_1_26' title="bbox 1559 1830 1713 1882; baseline 0 -13"><span class='ocrx_word' id='word_1_190' title='bbox 1559 1830 1618 1882; x_wconf 86' lang='lat' dir='ltr'>(L.</span> <span class='ocrx_word' id='word_1_191' title='bbox 1664 1832 1713 1869; x_wconf 87' lang='grc' dir='ltr'>Π.</span> 
     </span>
    </p>
   </div>
   <div class='ocr_carea' id='block_1_8' title="bbox 153 1966 898 2167">
    <p class='ocr_par' dir='ltr' id='par_1_11' title="bbox 153 1966 898 2167">
     <span class='ocr_line' id='line_1_27' title="bbox 154 1966 897 2020; baseline 0.005 -11"><span class='ocrx_word' id='word_1_192' title='bbox 154 1991 212 1997; x_wconf 87' lang='lat'>-—</span> <span class='ocrx_word' id='word_1_193' title='bbox 242 1966 388 2011; x_wconf 64' lang='grc' dir='ltr'><em>ταῦτα</em></span> <span class='ocrx_word' id='word_1_194' title='bbox 422 1969 459 2011; x_wconf 83' lang='grc' dir='ltr'>δ’</span> <span class='ocrx_word' id='word_1_195' title='bbox 504 1969 595 2012; x_wconf 67' lang='grc' dir='ltr'>ἐστὶ</span> <span class='ocrx_word' id='word_1_196' title='bbox 626 1974 747 2020; x_wconf 65' lang='grc' dir='ltr'><em>θεῖα,</em></span> <span class='ocrx_word' id='word_1_197' title='bbox 786 1968 897 2013; x_wconf 66' lang='grc' dir='ltr'>ὥστε</span> 
     </span>
     <span class='ocr_line' id='line_1_28' title="bbox 153 2038 898 2096; baseline 0.005 -16"><span class='ocrx_word' id='word_1_198' title='bbox 153 2039 290 2095; x_wconf 78' lang='grc' dir='ltr'><em>μηδὲν</em></span> <span class='ocrx_word' id='word_1_199' title='bbox 335 2038 616 2094; x_wconf 77' lang='grc' dir='ltr'><em>διακρίνοντα</em></span> <span class='ocrx_word' id='word_1_200' title='bbox 666 2041 714 2083; x_wconf 77' lang='grc' dir='ltr'>τὸ</span> <span class='ocrx_word' id='word_1_201' title='bbox 759 2041 898 2096; x_wconf 74' lang='grc' dir='ltr'><em>νούση-</em></span> 
     </span>
     <span class='ocr_line' id='line_1_29' title="bbox 154 2109 897 2167; baseline 0.005 -16"><span class='ocrx_word' id='word_1_202' title='bbox 154 2127 217 2164; x_wconf 79' lang='grc' dir='ltr'>μα</span> <span class='ocrx_word' id='word_1_203' title='bbox 252 2109 479 2167; x_wconf 74' lang='grc' dir='ltr'>θειότερον</span> <span class='ocrx_word' id='word_1_204' title='bbox 510 2114 596 2153; x_wconf 73' lang='grc' dir='ltr'>τῶν</span> <span class='ocrx_word' id='word_1_205' title='bbox 617 2112 786 2155; x_wconf 72' lang='grc' dir='ltr'><strong><em>λοιπῶν</em></strong></span> <span class='ocrx_word' id='word_1_206' title='bbox 807 2129 897 2155; x_wconf 82' lang='grc' dir='ltr'><em>νου·</em></span> 
     </span>
    </p>
   </div>
   <div class='ocr_carea' id='block_1_9' title="bbox 155 2179 913 2235">
    <p class='ocr_par' dir='ltr' id='par_1_12' title="bbox 155 2179 913 2235">
     <span class='ocr_line' id='line_1_30' title="bbox 155 2179 913 2235; baseline 0.004 -13"><span class='ocrx_word' id='word_1_207' title='bbox 155 2180 361 2235; x_wconf 80' lang='grc' dir='ltr'><em>σημάτων</em></span> <span class='ocrx_word' id='word_1_208' title='bbox 391 2181 596 2234; x_wconf 76' lang='grc' dir='ltr'><em>νομίζειν.</em></span> <span class='ocrx_word' id='word_1_209' title='bbox 641 2179 755 2224; x_wconf 75' lang='grc' dir='ltr'><em>ἄλλα</em></span> <span class='ocrx_word' id='word_1_210' title='bbox 789 2183 913 2225; x_wconf 54' lang='grc' dir='ltr'>πάνυ</span> 
     </span>
    </p>
   </div>
   <div class='ocr_carea' id='block_1_10' title="bbox 155 2250 904 3019">
    <p class='ocr_par' dir='ltr' id='par_1_13' title="bbox 155 2250 899 2729">
     <span class='ocr_line' id='line_1_31' title="bbox 155 2250 895 2310; baseline 0.005 -18"><span class='ocrx_word' id='word_1_211' title='bbox 155 2267 211 2292; x_wconf 85' lang='grc' dir='ltr'>τα</span> <span class='ocrx_word' id='word_1_212' title='bbox 244 2255 355 2292; x_wconf 69' lang='grc' dir='ltr'><em>θεῖα</em></span> <span class='ocrx_word' id='word_1_213' title='bbox 388 2256 464 2293; x_wconf 80' lang='grc' dir='ltr'>καῖ</span> <span class='ocrx_word' id='word_1_214' title='bbox 492 2250 763 2310; x_wconf 68' lang='grc' dir='ltr'><em>ἀνθρώπινα</em></span> <span class='ocrx_word' id='word_1_215' title='bbox 788 2254 895 2296; x_wconf 76' lang='grc' dir='ltr'><em>πάν-</em></span> 
     </span>
     <span class='ocr_line' id='line_1_32' title="bbox 158 2321 898 2376; baseline 0.004 -12"><span class='ocrx_word' id='word_1_216' title='bbox 158 2338 226 2364; x_wconf 79' lang='grc' dir='ltr'>τα.</span> <span class='ocrx_word' id='word_1_217' title='bbox 261 2321 391 2376; x_wconf 74' lang='grc' dir='ltr'><strong><em>φύσιν</em></strong></span> <span class='ocrx_word' id='word_1_218' title='bbox 421 2322 470 2364; x_wconf 73' lang='grc' dir='ltr'>δὲ</span> <span class='ocrx_word' id='word_1_219' title='bbox 500 2321 589 2376; x_wconf 61' lang='grc' dir='ltr'>ἔχει</span> <span class='ocrx_word' id='word_1_220' title='bbox 620 2327 802 2366; x_wconf 76' lang='grc' dir='ltr'><em>ἕκαστον</em></span> <span class='ocrx_word' id='word_1_221' title='bbox 823 2332 898 2367; x_wconf 82' lang='grc' dir='ltr'>καῖ</span> 
     </span>
     <span class='ocr_line' id='line_1_33' title="bbox 157 2389 899 2448; baseline 0.004 -13"><span class='ocrx_word' id='word_1_222' title='bbox 157 2389 347 2448; x_wconf 77' lang='grc' dir='ltr'>δύναμιν</span> <span class='ocrx_word' id='word_1_223' title='bbox 392 2393 459 2447; x_wconf 71' lang='grc' dir='ltr'>ἐφ’</span> <span class='ocrx_word' id='word_1_224' title='bbox 505 2396 679 2437; x_wconf 69' lang='grc' dir='ltr'><em>ἑωυτοῦ</em></span> <span class='ocrx_word' id='word_1_225' title='bbox 720 2402 794 2438; x_wconf 78' lang='grc' dir='ltr'>καὶ</span> <span class='ocrx_word' id='word_1_226' title='bbox 838 2394 899 2438; x_wconf 72' lang='grc' dir='ltr'>αὖ·</span> 
     </span>
     <span class='ocr_line' id='line_1_34' title="bbox 157 2461 899 2521; baseline 0.004 -16"><span class='ocrx_word' id='word_1_227' title='bbox 157 2463 234 2506; x_wconf 80' lang='grc' dir='ltr'>ὁὲν</span> <span class='ocrx_word' id='word_1_228' title='bbox 270 2461 443 2520; x_wconf 76' lang='grc' dir='ltr'><em>ἄπορόν</em></span> <span class='ocrx_word' id='word_1_229' title='bbox 485 2464 605 2506; x_wconf 74' lang='grc' dir='ltr'><strong><em>ἐστιν</em></strong></span> <span class='ocrx_word' id='word_1_230' title='bbox 645 2463 747 2508; x_wconf 77' lang='grc' dir='ltr'><em>οὐδὲ</em></span> <span class='ocrx_word' id='word_1_231' title='bbox 793 2464 899 2521; x_wconf 75' lang='grc' dir='ltr'><em>α’μή-</em></span> 
     </span>
     <span class='ocr_line' id='line_1_35' title="bbox 156 2548 305 2588; baseline -0.007 -13"><span class='ocrx_word' id='word_1_232' title='bbox 156 2548 305 2588; x_wconf 81' lang='grc' dir='ltr'><em>χανον.</em></span> 
     </span>
     <span class='ocr_line' id='line_1_36' title="bbox 343 2606 714 2657; baseline 0.013 -13"><span class='ocrx_word' id='word_1_233' title='bbox 343 2606 536 2645; x_wconf 89' lang='lat' dir='ltr'>Conferas</span> <span class='ocrx_word' id='word_1_234' title='bbox 567 2620 714 2657; x_wconf 80' lang='lat' dir='ltr'>porro:</span> 
     </span>
     <span class='ocr_line' id='line_1_37' title="bbox 237 2676 818 2729; baseline 0.007 -15"><span class='ocrx_word' id='word_1_235' title='bbox 237 2676 289 2715; x_wconf 92' lang='lat' dir='ltr'>de</span> <span class='ocrx_word' id='word_1_236' title='bbox 320 2689 372 2715; x_wconf 90' lang='lat' dir='ltr'>m.</span> <span class='ocrx_word' id='word_1_237' title='bbox 404 2690 434 2715; x_wconf 92' lang='lat' dir='ltr'>s.</span> <span class='ocrx_word' id='word_1_238' title='bbox 470 2677 496 2727; x_wconf 65' lang='grc' dir='ltr'>ξ</span> <span class='ocrx_word' id='word_1_239' title='bbox 526 2679 576 2718; x_wconf 91' lang='grc' dir='ltr'>ΙΙ.</span> <span class='ocrx_word' id='word_1_240' title='bbox 611 2691 677 2729; x_wconf 90' lang='lat' dir='ltr'>pg.</span> <span class='ocrx_word' id='word_1_241' title='bbox 712 2681 818 2728; x_wconf 87' lang='lat'><strong>366:</strong></span> 
     </span>
    </p>

    <p class='ocr_par' dir='ltr' id='par_1_14' title="bbox 157 2747 904 3019">
     <span class='ocr_line' id='line_1_38' title="bbox 158 2747 900 2804; baseline 0.004 -16"><span class='ocrx_word' id='word_1_242' title='bbox 158 2753 238 2788; x_wconf 76' lang='grc' dir='ltr'>καί</span> <span class='ocrx_word' id='word_1_243' title='bbox 264 2763 329 2788; x_wconf 80' lang='grc' dir='ltr'>τοι</span> <span class='ocrx_word' id='word_1_244' title='bbox 360 2750 401 2788; x_wconf 71' lang='grc' dir='ltr'>εἰ</span> <span class='ocrx_word' id='word_1_245' title='bbox 430 2747 660 2804; x_wconf 70' lang='grc' dir='ltr'>θειότερόν</span> <span class='ocrx_word' id='word_1_246' title='bbox 691 2748 779 2791; x_wconf 72' lang='grc' dir='ltr'><strong><em>ἔστι</em></strong></span> <span class='ocrx_word' id='word_1_247' title='bbox 812 2754 900 2791; x_wconf 75' lang='grc' dir='ltr'>τῶν</span> 
     </span>
     <span class='ocr_line' id='line_1_39' title="bbox 159 2815 904 2874; baseline 0.004 -15"><span class='ocrx_word' id='word_1_248' title='bbox 159 2815 319 2866; x_wconf 73' lang='grc' dir='ltr'><em>ἄλλων,</em></span> <span class='ocrx_word' id='word_1_249' title='bbox 358 2827 491 2859; x_wconf 83' lang='grc' dir='ltr'><strong><em>τοῖσιν</em></strong></span> <span class='ocrx_word' id='word_1_250' title='bbox 532 2816 705 2862; x_wconf 73' lang='grc' dir='ltr'><em>ἅπασιν</em></span> <span class='ocrx_word' id='word_1_251' title='bbox 748 2821 904 2874; x_wconf 76' lang='grc' dir='ltr'><em>ὁμοίως</em></span> 
     </span>
     <span class='ocr_line' id='line_1_40' title="bbox 157 2879 903 2945; baseline 0.005 -16"><span class='ocrx_word' id='word_1_252' title='bbox 157 2879 246 2930; x_wconf 60' lang='grc' dir='ltr'>ἔδει</span> <span class='ocrx_word' id='word_1_253' title='bbox 278 2892 484 2941; x_wconf 75' lang='grc' dir='ltr'>γίνεσθαι</span> <span class='ocrx_word' id='word_1_254' title='bbox 516 2888 596 2945; x_wconf 77' lang='grc' dir='ltr'>τήν</span> <span class='ocrx_word' id='word_1_255' title='bbox 626 2893 778 2933; x_wconf 83' lang='grc' dir='ltr'><em>νοῦσον</em></span> <span class='ocrx_word' id='word_1_256' title='bbox 803 2889 903 2934; x_wconf 74' lang='grc' dir='ltr'><em>ταύ-</em></span> 
     </span>
     <span class='ocr_line' id='line_1_41' title="bbox 159 2957 903 3019; baseline 0.004 -18"><span class='ocrx_word' id='word_1_257' title='bbox 159 2974 238 3016; x_wconf 83' lang='grc' dir='ltr'>την</span> <span class='ocrx_word' id='word_1_258' title='bbox 283 2962 360 3001; x_wconf 75' lang='grc' dir='ltr'>καὶ</span> <span class='ocrx_word' id='word_1_259' title='bbox 404 2957 463 3015; x_wconf 73' lang='grc' dir='ltr'>μή</span> <span class='ocrx_word' id='word_1_260' title='bbox 511 2958 751 3019; x_wconf 74' lang='grc' dir='ltr'><strong><em>διακρίνειν</em></strong></span> <span class='ocrx_word' id='word_1_261' title='bbox 796 2962 903 3018; x_wconf 79' lang='grc' dir='ltr'><em>μήτε</em></span> 
     </span>
    </p>
   </div>
   <div class='ocr_carea' id='block_1_11' title="bbox 969 1969 1718 2589">
    <p class='ocr_par' dir='ltr' id='par_1_15' title="bbox 969 1969 1718 2589">
     <span class='ocr_line' id='line_1_42' title="bbox 971 1969 1715 2029; baseline 0.005 -19"><span class='ocrx_word' id='word_1_262' title='bbox 971 1970 1068 2025; x_wconf 61' lang='grc' dir='ltr'>ἐμοὶ</span> <span class='ocrx_word' id='word_1_263' title='bbox 1100 1970 1148 2012; x_wconf 73' lang='grc' dir='ltr'>δὲ</span> <span class='ocrx_word' id='word_1_264' title='bbox 1179 1977 1253 2014; x_wconf 80' lang='grc' dir='ltr'>καὶ</span> <span class='ocrx_word' id='word_1_265' title='bbox 1286 1969 1431 2029; x_wconf 61' lang='grc' dir='ltr'><em>αὐτέῳ</em></span> <span class='ocrx_word' id='word_1_266' title='bbox 1452 1972 1589 2014; x_wconf 68' lang='grc' dir='ltr'><strong><em>δοκέει</em></strong></span> <span class='ocrx_word' id='word_1_267' title='bbox 1616 1970 1715 2014; x_wconf 79' lang='grc' dir='ltr'>ταῦ-</span> 
     </span>
     <span class='ocr_line' id='line_1_43' title="bbox 973 2040 1715 2085; baseline 0.003 -2"><span class='ocrx_word' id='word_1_268' title='bbox 973 2057 1028 2083; x_wconf 82' lang='grc' dir='ltr'>τα</span> <span class='ocrx_word' id='word_1_269' title='bbox 1059 2040 1114 2083; x_wconf 70' lang='grc' dir='ltr'>τά</span> <span class='ocrx_word' id='word_1_270' title='bbox 1148 2041 1309 2083; x_wconf 70' lang='grc' dir='ltr'><em>πάθεα</em></span> <span class='ocrx_word' id='word_1_271' title='bbox 1352 2046 1462 2083; x_wconf 71' lang='grc' dir='ltr'><em>θεῖα</em></span> <span class='ocrx_word' id='word_1_272' title='bbox 1495 2042 1610 2084; x_wconf 78' lang='grc' dir='ltr'><em>εἶναι</em></span> <span class='ocrx_word' id='word_1_273' title='bbox 1641 2050 1715 2085; x_wconf 79' lang='grc' dir='ltr'>καὶ</span> 
     </span>
     <span class='ocr_line' id='line_1_44' title="bbox 969 2109 1714 2155; baseline 0.003 -2"><span class='ocrx_word' id='word_1_274' title='bbox 969 2111 1109 2154; x_wconf 76' lang='grc' dir='ltr'><em>τᾶλλα</em></span> <span class='ocrx_word' id='word_1_275' title='bbox 1151 2109 1302 2155; x_wconf 78' lang='grc' dir='ltr'><em>πάντα</em></span> <span class='ocrx_word' id='word_1_276' title='bbox 1344 2119 1416 2155; x_wconf 80' lang='grc' dir='ltr'>καὶ</span> <span class='ocrx_word' id='word_1_277' title='bbox 1461 2111 1591 2155; x_wconf 71' lang='grc' dir='ltr'><em>οὐδὲν</em></span> <span class='ocrx_word' id='word_1_278' title='bbox 1634 2116 1714 2155; x_wconf 78' lang='grc' dir='ltr'><em>ἕτε-</em></span> 
     </span>
     <span class='ocr_line' id='line_1_45' title="bbox 969 2183 1716 2238; baseline 0.004 -15"><span class='ocrx_word' id='word_1_279' title='bbox 969 2199 1046 2237; x_wconf 84' lang='grc' dir='ltr'>ρον</span> <span class='ocrx_word' id='word_1_280' title='bbox 1076 2184 1222 2237; x_wconf 73' lang='grc' dir='ltr'><em>ἑτέρου</em></span> <span class='ocrx_word' id='word_1_281' title='bbox 1252 2183 1481 2238; x_wconf 64' lang='grc' dir='ltr'><strong><em>θειότερον</em></strong></span> <span class='ocrx_word' id='word_1_282' title='bbox 1513 2184 1613 2226; x_wconf 76' lang='grc' dir='ltr'><em>οὐδὲ</em></span> <span class='ocrx_word' id='word_1_283' title='bbox 1645 2184 1716 2226; x_wconf 74' lang='grc' dir='ltr'><em>α’ν-</em></span> 
     </span>
     <span class='ocr_line' id='line_1_46' title="bbox 973 2250 1715 2310; baseline 0.004 -16"><span class='ocrx_word' id='word_1_284' title='bbox 973 2252 1323 2310; x_wconf 63' lang='grc' dir='ltr'><em>θρωπινώτερον.</em></span> <span class='ocrx_word' id='word_1_285' title='bbox 1395 2250 1510 2295; x_wconf 70' lang='grc' dir='ltr'><em>ἄλλα</em></span> <span class='ocrx_word' id='word_1_286' title='bbox 1564 2255 1715 2297; x_wconf 79' lang='grc' dir='ltr'><em>πάντα</em></span> 
     </span>
     <span class='ocr_line' id='line_1_47' title="bbox 971 2321 1717 2376; baseline 0.004 -12"><span class='ocrx_word' id='word_1_287' title='bbox 971 2321 1103 2376; x_wconf 73' lang='grc' dir='ltr'><strong><em>ὅμοια</em></strong></span> <span class='ocrx_word' id='word_1_288' title='bbox 1140 2330 1214 2365; x_wconf 81' lang='grc' dir='ltr'>καὶ</span> <span class='ocrx_word' id='word_1_289' title='bbox 1256 2324 1408 2367; x_wconf 77' lang='grc' dir='ltr'><em>πάντα</em></span> <span class='ocrx_word' id='word_1_290' title='bbox 1453 2326 1573 2367; x_wconf 67' lang='grc' dir='ltr'><em>θεῖα.</em></span> <span class='ocrx_word' id='word_1_291' title='bbox 1623 2323 1717 2367; x_wconf 75' lang='grc' dir='ltr'><em>ἔκα-</em></span> 
     </span>
     <span class='ocr_line' id='line_1_48' title="bbox 974 2392 1702 2449; baseline 0 -13"><span class='ocrx_word' id='word_1_292' title='bbox 974 2408 1075 2437; x_wconf 75' lang='grc' dir='ltr'><em>στον</em></span> <span class='ocrx_word' id='word_1_293' title='bbox 1114 2394 1162 2436; x_wconf 77' lang='grc' dir='ltr'>δὲ</span> <span class='ocrx_word' id='word_1_294' title='bbox 1206 2392 1291 2449; x_wconf 59' lang='grc' dir='ltr'>ἔχει</span> <span class='ocrx_word' id='word_1_295' title='bbox 1333 2392 1460 2449; x_wconf 70' lang='grc' dir='ltr'><strong><em>φύσιν</em></strong></span> <span class='ocrx_word' id='word_1_296' title='bbox 1503 2397 1594 2438; x_wconf 75' lang='grc' dir='ltr'>τῶν</span> <span class='ocrx_word' id='word_1_297' title='bbox 1636 2413 1702 2438; x_wconf 82' lang='grc' dir='ltr'>τοι</span> 
     </span>
     <span class='ocr_line' id='line_1_49' title="bbox 973 2463 1718 2521; baseline 0.001 -15"><span class='ocrx_word' id='word_1_298' title='bbox 973 2471 1130 2507; x_wconf 74' lang='grc' dir='ltr'><em>ουτὲων</em></span> <span class='ocrx_word' id='word_1_299' title='bbox 1160 2471 1235 2507; x_wconf 73' lang='grc' dir='ltr'>καὶ</span> <span class='ocrx_word' id='word_1_300' title='bbox 1267 2465 1398 2507; x_wconf 66' lang='grc' dir='ltr'><em>οὐδὲν</em></span> <span class='ocrx_word' id='word_1_301' title='bbox 1430 2463 1538 2508; x_wconf 74' lang='grc' dir='ltr'>ἄνευ</span> <span class='ocrx_word' id='word_1_302' title='bbox 1568 2467 1718 2521; x_wconf 77' lang='grc' dir='ltr'><strong><em>φύσιος</em></strong></span> 
     </span>
     <span class='ocr_line' id='line_1_50' title="bbox 971 2542 1176 2589; baseline 0 -13"><span class='ocrx_word' id='word_1_303' title='bbox 971 2542 1176 2589; x_wconf 76' lang='grc' dir='ltr'>γίγνεται.</span> 
     </span>
    </p>
   </div>
   <div class='ocr_carea' id='block_1_12' title="bbox 974 2677 1718 3007">
    <p class='ocr_par' dir='ltr' id='par_1_16' title="bbox 974 2677 1718 3007">
     <span class='ocr_line' id='line_1_51' title="bbox 1009 2677 1678 2730; baseline 0.004 -13"><span class='ocrx_word' id='word_1_304' title='bbox 1009 2677 1047 2717; x_wconf 91' lang='lat' dir='ltr'>d.</span> <span class='ocrx_word' id='word_1_305' title='bbox 1083 2690 1187 2725; x_wconf 86' lang='lat' dir='ltr'>aere,</span> <span class='ocrx_word' id='word_1_306' title='bbox 1222 2678 1336 2729; x_wconf 85' lang='lat' dir='ltr'>aquis</span> <span class='ocrx_word' id='word_1_307' title='bbox 1367 2679 1467 2718; x_wconf 83' lang='lat' dir='ltr'>locis</span> <span class='ocrx_word' id='word_1_308' title='bbox 1498 2692 1564 2730; x_wconf 89' lang='lat' dir='ltr'>pg.</span> <span class='ocrx_word' id='word_1_309' title='bbox 1600 2681 1678 2720; x_wconf 84' lang='lat'>86:</span> 
     </span>
     <span class='ocr_line' id='line_1_52' title="bbox 974 2748 1717 2809; baseline 0.004 -18"><span class='ocrx_word' id='word_1_310' title='bbox 974 2756 1054 2791; x_wconf 83' lang='grc' dir='ltr'>καί</span> <span class='ocrx_word' id='word_1_311' title='bbox 1082 2765 1145 2791; x_wconf 89' lang='grc' dir='ltr'>τοι</span> <span class='ocrx_word' id='word_1_312' title='bbox 1176 2750 1321 2806; x_wconf 66' lang='grc' dir='ltr'><em>ἐχρῆν,</em></span> <span class='ocrx_word' id='word_1_313' title='bbox 1354 2749 1451 2792; x_wconf 65' lang='grc' dir='ltr'>ἐπεῖ</span> <span class='ocrx_word' id='word_1_314' title='bbox 1489 2748 1717 2809; x_wconf 66' lang='grc' dir='ltr'>θειότερον</span> 
     </span>
     <span class='ocr_line' id='line_1_53' title="bbox 975 2817 1716 2875; baseline 0.009 -14"><span class='ocrx_word' id='word_1_315' title='bbox 975 2819 1023 2861; x_wconf 79' lang='grc' dir='ltr'>τὸ</span> <span class='ocrx_word' id='word_1_316' title='bbox 1058 2817 1246 2875; x_wconf 79' lang='grc' dir='ltr'><em>νόσευμα</em></span> <span class='ocrx_word' id='word_1_317' title='bbox 1280 2825 1367 2862; x_wconf 76' lang='grc' dir='ltr'>τῶν</span> <span class='ocrx_word' id='word_1_318' title='bbox 1399 2822 1564 2864; x_wconf 75' lang='grc' dir='ltr'><em>λοιπῶν</em></span> <span class='ocrx_word' id='word_1_319' title='bbox 1585 2821 1716 2868; x_wconf 69' lang='grc' dir='ltr'>ἔστιν.</span> 
     </span>
     <span class='ocr_line' id='line_1_54' title="bbox 977 2891 1718 2944; baseline 0.007 -13"><span class='ocrx_word' id='word_1_320' title='bbox 977 2891 1026 2933; x_wconf 71' lang='grc' dir='ltr'>οὗ</span> <span class='ocrx_word' id='word_1_321' title='bbox 1077 2901 1183 2933; x_wconf 86' lang='grc' dir='ltr'><strong><em>τοῖσι</em></strong></span> <span class='ocrx_word' id='word_1_322' title='bbox 1234 2892 1578 2944; x_wconf 77' lang='grc' dir='ltr'>γενναιοτάτοισι</span> <span class='ocrx_word' id='word_1_323' title='bbox 1628 2896 1718 2936; x_wconf 74' lang='grc' dir='ltr'>τῶν</span> 
     </span>
     <span class='ocr_line' id='line_1_55' title="bbox 976 2963 1718 3007; baseline 0.004 -3"><span class='ocrx_word' id='word_1_324' title='bbox 976 2964 1189 3005; x_wconf 74' lang='grc' dir='ltr'><em>Σκυθέων</em></span> <span class='ocrx_word' id='word_1_325' title='bbox 1219 2969 1295 3004; x_wconf 75' lang='grc' dir='ltr'>καῖ</span> <span class='ocrx_word' id='word_1_326' title='bbox 1324 2972 1434 3005; x_wconf 80' lang='grc' dir='ltr'><strong><em>τοῖσι</em></strong></span> <span class='ocrx_word' id='word_1_327' title='bbox 1455 2963 1718 3007; x_wconf 77' lang='grc' dir='ltr'><strong><em>πλουσιωτά-</em></strong></span> 
     </span>
    </p>
   </div>
  </div>
 </body>
</html>
