1884 3230
774 186 1069 225 ..29-

138 315 226 342 mus
257 304 545 354 metaphoram,
578 315 658 353 qua
687 302 932 353 significatur
960 304 1116 342 turbata
1145 303 1256 342 Ionis
1283 303 1493 342 verbomm
1524 303 1695 352 indoles,

139 374 250 424 quod
273 376 511 421 Hermanus,
535 375 778 418 Schuetzius,
803 375 966 413 Weilius
998 382 1106 414 recte
1124 375 1320 413 viderunt.

280 469 413 508 Ceteri
444 470 676 519 interpretes
707 475 814 507 recte
852 481 993 508 vocem
1039 468 1221 526 θολερός
1261 469 1313 507 ad
1344 469 1552 518 sequentia
1595 468 1716 508 trahi'

138 539 312 578 noluere.
361 541 475 578 Errat
507 546 638 578 autem
671 540 900 578 Schuetzius
933 540 973 578 in
1006 540 1245 590 explicando
1278 539 1480 589 scriptoris
1512 540 1694 585 consilio,

138 609 220 658 qui,
267 610 497 659 »stjgyuficat«
544 609 630 660 (slc.
663 596 750 662 Io.)*,
793 610 933 660 inquit,
974 611 1179 660 »querelas‚
1211 623 1309 659 quas
1338 612 1407 648 vix
1436 623 1499 648 ore
1520 611 1698 660 proferre

137 680 275 726 valeat,
307 680 409 718 nihil
433 680 614 718 adversus
643 681 893 718 calamitatem
916 681 1134 730 proficerem<
1201 681 1306 719 Nam
1338 681 1511 719 dubitari
1542 681 1693 730 nequit,

137 750 233 799 quin
265 750 385 789 etiarn
416 750 457 788 hi
487 763 623 789 versus
656 751 708 789 ad
739 751 866 789 solam
898 752 1121 801 pertineant
1165 751 1344 790 insaniae
1383 751 1694 801 descriptionem

136 821 388 871 eandemque
421 828 554 871 atque,
587 821 656 870 qui
694 822 948 867 antecedunt,
987 822 1164 860 habeant
1207 828 1456 871 potestatem.
1504 822 1694 872 Corporis

135 891 291 929 insania
322 892 453 930 affecti
485 898 628 930 statum
659 892 716 930 eis
748 892 966 942 depingere
995 893 1078 930 vult
1109 899 1242 947 poeta.
1291 892 1447 940 Quibus
1480 892 1578 941 quid
1609 892 1694 930 illu-

136 968 293 1010 stretur,
336 962 519 1000 indicant
558 975 693 1000 versus
736 963 905 1012 proximi
947 963 1070 1001 verba
1109 959 1299 1017 γλώσσης
1331 959 1543 1019 οἷκρατής,
1590 974 1694 1012 quae

135 1032 219 1071 iure
249 1033 517 1071 Weckleinius
549 1033 575 1071 l.
607 1034 632 1070 l.
668 1033 831 1072 adhibet
862 1034 1003 1071 horum
1034 1034 1244 1072 verborum
1267 1032 1536 1082 explicationi.
1582 1033 1691 1077 Nam

134 1103 372 1142 describitur
401 1104 539 1142 Ionem
570 1115 666 1153 prae
698 1104 841 1142 rabido
872 1104 1012 1142 suroris
1034 1104 1183 1153 impetu
1212 1115 1350 1142 vocem
1373 1088 1557 1149 deficere,
1582 1103 1691 1152 quod

135 1185 184 1211 ex
215 1173 345 1211 crebis
377 1180 436 1212 est
466 1174 581 1211 huius
613 1174 742 1211 morbi
774 1174 909 1224 signis.
974 1174 1106 1222 Quam
1145 1174 1331 1223 equidem
1372 1173 1607 1212 sententiam
1639 1173 1694 1211 ita

134 1244 215 1281 fere
246 1243 638 1293 circumscripserim:
687 1245 811 1282 verba
842 1257 933 1283 mea
963 1245 1119 1282 turbata
1140 1251 1288 1282 temere
1309 1244 1573 1293 proferuntur,
1598 1244 1693 1292 quia

134 1314 246 1352 dirae
275 1299 457 1352 insaniae
487 1315 629 1353 fluctus
661 1314 808 1353 invicta
838 1315 890 1359 vi,
915 1327 1086 1364 quacum
1120 1315 1263 1352 frustra
1288 1314 1428 1360 luctor,
1454 1314 1494 1351 in
1516 1321 1690 1352 mentem

134 1396 264 1422 meam
297 1384 527 1434 irrumpunt.
591 1385 730 1430 Vides,
763 1397 845 1423 non
877 1385 932 1423 ita
964 1375 1130 1422 multum
1162 1396 1226 1422 me
1257 1384 1404 1423 distare
1436 1391 1503 1422 aut
1534 1397 1558 1423 a
1589 1391 1691 1422 cete-

132 1467 265 1493 rorum
297 1455 552 1504 interpretum
586 1462 653 1493 aut
687 1469 711 1493 a
733 1456 973 1494 scholiastae
999 1455 1324 1504 interpretatione
1346 1455 1404 1492 sic
1426 1455 1687 1504 explicantis:

136 1528 450 1579 τεὲαραγμένοι
474 1525 520 1567 δὲ
543 1524 661 1578 λόγοι
683 1525 740 1575 ὦς
762 1522 884 1576 ἔτυχε
907 1531 1197 1581 προσπαίουσι
1218 1526 1282 1582 τῷ
1311 1527 1401 1567 τοῖν
1422 1525 1570 1566 κακῶν
1599 1523 1690 1567 κλύ-

133 1594 251 1643 δωνι,
283 1598 397 1638 τοῦτ’
431 1592 547 1638 ἔστιν
576 1594 664 1638 ὑπὸ
697 1592 857 1650 ὀδύνης
888 1591 1031 1637 πολλά
1060 1594 1192 1636 λαλῶ.

274 1690 673 1740 Comprehendamus
704 1703 811 1728 nunc
832 1690 1000 1740 singula,
1023 1702 1126 1739 quae
1153 1690 1204 1728 de
1224 1689 1334 1727 Ionis
1356 1689 1535 1728 insaniae
1558 1690 1689 1728 obser·

131 1760 321 1798 vavimus.
383 1762 507 1799 Deest
551 1761 750 1811 explicata
784 1761 963 1799 insaniae
1005 1760 1139 1811 imago
1179 1768 1218 1799 et
1248 1772 1300 1799 ne
1340 1760 1487 1798 insanit
1526 1761 1687 1810 quidem

132 1843 269 1869 revera
300 1832 360 1878 Io,
393 1832 465 1870 sed
497 1838 539 1869 ut
570 1844 667 1869 sana
699 1832 750 1869 de
781 1832 924 1869 morbo
956 1844 1029 1869 suo
1060 1831 1187 1877 refert,
1220 1831 1276 1870 ita
1315 1840 1357 1869 ut
1399 1831 1569 1880 primurn
1600 1843 1688 1880 pro-

132 1901 229 1950 prie,
262 1901 411 1940 deinde
442 1902 714 1952 metaphorice
745 1902 923 1952 singulos
956 1902 1119 1940 affectus
1151 1902 1365 1941 describat.
1415 1902 1534 1950 Quae
1565 1914 1688 1950 quan·

131 1978 214 2009 tum
262 1972 365 2010 absit
407 1985 430 2010 a
475 1984 567 2010 vera
615 1971 847 2010 insanientis
895 1971 1137 2010 condicione
1182 1972 1452 2022 insignissimo
1498 1979 1688 2010 testantur

103 2042 314 2092 *exemplo
347 2043 472 2080 ultimi
511 2055 657 2089 versus,
704 2042 853 2092 quippe
892 2043 1036 2092 quibus
1079 2042 1237 2093 egregie
1273 2043 1352 2081 suis
1396 2043 1526 2081 verbis
1564 2042 1686 2092 ipsius

131 2111 241 2150 vocis
273 2113 539 2151 defectionem
581 2113 783 2163 depingat.
847 2114 1035 2151 Morbum
1077 2113 1194 2163 igitur
1225 2113 1265 2151 in
1307 2113 1472 2162 aphasia
1513 2113 1685 2162 positum

131 2182 276 2221 diserte
309 2183 498 2221 describit
529 2185 760 2234 aegrotans!
822 2184 948 2222 Vides
981 2190 1155 2233 poetam,
1188 2196 1270 2222 non
1303 2190 1507 2222 curantem
1547 2183 1685 2222 verita-

72 2249 76 2252 ’
131 2260 223 2298 tem,
257 2253 443 2291 inusitata
475 2261 627 2293 tanturn
659 2255 850 2293 orationis
882 2255 1010 2292 forma
1040 2254 1279 2304 singularem
1311 2254 1418 2292 Ionis
1451 2255 1608 2293 animae
1630 2255 1685 2292 in-

131 2323 264 2361 dolem
297 2323 392 2361 satis
424 2324 612 2363 habuisse
653 2325 791 2363 leviter
821 2331 972 2363 notare.
1055 2324 1212 2362 Audaci
1255 2324 1375 2373 igitur
1418 2325 1685 2375 inusitataque

130 2393 322 2432 orationis
353 2394 481 2432 forma
511 2408 586 2434 nos
618 2395 804 2445 decipere
825 2396 905 2433 vult
928 2402 1060 2445 poeta,
1094 2402 1285 2448 tanqoem
1308 2406 1399 2434 vere
1421 2395 1594 2434 insaniat
1624 2397 1681 2435 Io.

270 2490 405 2537 Atque
444 2488 496 2528 de
531 2490 632 2527 Ione
667 2489 883 2531 hactenus!
944 2489 1124 2527 Transeo
1157 2489 1210 2527 ad
1241 2489 1392 2528 Orestis
1424 2489 1596 2529 insanire
1627 2490 1683 2528 in-

130 2557 312 2608 cipientis
344 2559 667 2608 descriptionem,
703 2571 808 2608 quae
838 2559 1034 2598 invenitur
1056 2559 1386 2608 Choephororum
1418 2560 1578 2599 fabulae
1608 2560 1682 2598 sub

130 2629 291 2668 exitum.
353 2629 494 2678 Agitur
524 2630 576 2668 de
606 2629 787 2668 versibus
826 2632 934 2667 1018
967 2642 1079 2679 seqq.
1113 2629 1183 2678 qui
1214 2642 1303 2667 cum
1347 2630 1479 2678 plures
1510 2631 1683 2669 habeant

130 2707 169 2737 et
210 2699 394 2738 lectionis
435 2706 474 2737 et
509 2712 648 2738 sensus
685 2700 942 2739 difficultates
955 2730 964 2746 ,
1004 2700 1289 2738 accuratiorem
1333 2700 1512 2750 flagitant
1542 2708 1681 2740 tracta-

129 2769 292 2808 tionem.
355 2770 525 2808 Versum
569 2771 691 2808 1018.
732 2770 861 2808 codex
902 2770 1110 2809 Mediceus
1148 2770 1203 2808 ita
1232 2770 1418 2812 exhibet:

413 2848 542 2900 ἅλλος
573 2849 632 2893 ἄν
662 2851 759 2906 aldo?
789 2849 892 2894 τοῦτ
922 2847 978 2906 ἄρ
1010 2849 1092 2893 οἶδ*
1126 2849 1213 2907 ὅπη
1242 2852 1365 2894 τελεῖ.

272 2923 620 2973 Supervacaneurn
667 2929 726 2961 est
774 2934 914 2961 omnes
952 2922 1195 2962 emendandi
1236 2930 1405 2962 conatus
1443 2933 1680 2976 percensere
