1846 3094
241 716 427 755 Insaniae
458 727 481 752 a
513 714 641 764 poetis
672 713 832 763 tragicis
863 719 1056 751 tractatae
1088 714 1169 752 duo
1209 719 1298 751 sunt
1343 724 1490 762 genera
1534 723 1662 760 eaque

99 787 269 831 diversa,
294 787 459 824 alterum
494 784 601 822 Ionis
633 791 671 822 et
695 783 861 829 Orestis,
896 784 1060 820 alterum
1085 782 1220 820 Aiacis
1244 782 1522 831 Herculisque.
1576 781 1662 819 Nec

99 857 275 903 difficile,
308 855 516 906 quomodo
547 855 743 900 differant,
777 853 1028 902 intellegitur.
1093 853 1196 890 Nam
1241 852 1343 890 Aiax
1386 859 1425 890 et
1467 852 1662 890 Hercules

100 935 233 967 mente
263 926 438 966 destituti
471 925 570 964 alios
604 932 903 974 persequuntur,
939 924 1101 962 Orestes
1135 935 1229 961 vero
1272 930 1310 960 et
1342 924 1386 960 Io
1430 929 1591 972 propter
1621 922 1663 960 id

99 999 242 1049 ipsum,
276 987 386 1047 quod
418 997 471 1034 ab
514 996 600 1034 aliis
646 995 846 1045 agitantur
889 995 949 1032 vel
981 993 1120 1044 agitari
1165 993 1242 1031 sibi
1274 993 1474 1039 videntur,
1508 993 1663 1031 insania

99 1069 375 1119 corripiuntur.
440 1068 592 1117 Sponte
647 1066 765 1114 igitur
807 1065 1094 1103 dissertationis
1138 1065 1243 1102 duae
1296 1064 1473 1102 oriuntur
1518 1071 1662 1113 partes,

100 1151 266 1189 quarum
310 1139 442 1188 priore
484 1138 536 1175 de
567 1137 695 1175 Aiace
739 1144 778 1174 et
811 1136 999 1180 Hercule,
1046 1136 1169 1173 altera
1213 1135 1265 1172 de
1298 1136 1397 1172 Ione
1438 1142 1477 1172 et
1522 1135 1665 1172 Oreste

100 1210 350 1249 disseremus.
416 1209 540 1257 Quod
572 1215 704 1246 tamen
734 1214 946 1256 antequam
981 1206 1187 1251 faciamus,
1210 1206 1262 1244 de
1294 1205 1572 1255 disputationis
1605 1217 1664 1242 or-

100 1281 196 1319 dine
227 1288 266 1319 et
298 1280 452 1318 ratione
484 1291 611 1328 pauca
642 1290 976 1328 praemoneamus
1008 1289 1174 1315 necesse
1206 1283 1276 1314 est.

243 1351 407 1389 Aiacem
441 1356 479 1388 et
512 1349 726 1387 Herculem
760 1348 890 1385 furore
922 1354 1126 1397 correptos
1157 1359 1235 1396 qua
1267 1354 1350 1385 arte
1384 1346 1667 1396 descripserint

101 1422 322 1472 Sophocles
354 1428 391 1459 et
426 1420 635 1469 Euripides
668 1419 700 1456 si
733 1418 821 1467 quis
854 1418 949 1456 data
993 1430 1117 1467 opera
1148 1418 1230 1455 vult
1261 1417 1510 1467 perscrutari,
1543 1417 1665 1467 prius·

101 1505 221 1542 quam
253 1498 459 1541 comparet
492 1491 694 1539 utriusque
725 1496 869 1539 poetae
900 1489 940 1527 in
974 1489 1243 1527 describendo
1276 1489 1417 1526 morbo
1450 1487 1661 1532 rationem,

102 1563 155 1601 de
185 1562 368 1601 universa
401 1561 635 1604 fabularum,
670 1560 721 1597 de
763 1559 907 1608 quibus
941 1559 1080 1609 agitur,
1115 1559 1253 1597 indole
1284 1565 1322 1597 et
1367 1559 1494 1596 forma
1525 1558 1663 1608 paucis

102 1634 223 1671 debet
245 1644 458 1682 exponere.
492 1631 595 1668 Nam
620 1642 814 1679 perpensa
836 1630 996 1668 demum
1019 1629 1179 1679 propria
1196 1629 1419 1667 dramatum
1443 1628 1664 1678 argumenti

102 1711 244 1741 natura
284 1710 323 1741 et
354 1702 565 1751 diligenter
596 1701 801 1750 explorato
845 1707 989 1749 poetae
1030 1699 1199 1737 consilio
1244 1699 1437 1737 accedere
1477 1698 1665 1736 convenit

104 1774 156 1812 ad
186 1774 316 1811 morbi
348 1771 626 1821 descriptionis
670 1768 1026 1820 comparationem.
1090 1770 1215 1808 Erunt
1246 1769 1364 1819 igitur
1404 1769 1486 1807 duo
1529 1769 1661 1815 huius,
1688 1762 1690 1764 ¹

103 1844 227 1894 partis
260 1844 404 1893 capita.
469 1843 600 1891 Atque
622 1841 754 1891 priore
785 1841 836 1879 de
858 1841 1076 1879 dramatica
1110 1839 1164 1886 (ut
1196 1847 1332 1878 nostro
1361 1839 1523 1878 dicendi
1555 1851 1666 1877 more

104 1912 220 1969 utar),
237 1914 416 1952 insaniae
427 1913 675 1958 tractatione,
689 1911 907 1963 posteriore
923 1912 974 1949 de
988 1911 1116 1949 morbi
1129 1923 1373 1960 exponemus
1383 1909 1663 1959 descriptione.

248 1985 435 2029 Fabulae,
460 1995 564 2033 quae
595 1982 821 2020 inscribitur
842 1983 958 2031 Αἴας
987 1979 1312 2038 μαστιγοφόρος,
1347 1981 1461 2018 initio
1483 1980 1666 2018 Minerva

105 2069 129 2094 e
159 2055 346 2093 machina
386 2055 556 2104 loquens
599 2054 761 2092 Ulixem
808 2053 957 2090 circum
990 2052 1126 2090 Aiacis
1171 2051 1381 2089 tentorium
1425 2051 1548 2089 modo
1587 2051 1666 2088 huc

106 2126 230 2164 modo
261 2125 354 2163 illuc
385 2125 655 2163 ambulantem
689 2124 917 2172 interrogat,
954 2135 1023 2160 cur
1066 2130 1217 2160 tantum
1252 2129 1376 2171 ponat
1419 2122 1591 2160 studium
1624 2121 1665 2158 in

106 2195 379 2246 explorando,
413 2207 512 2245 quas
558 2194 658 2232 Aiax
701 2201 823 2232 struat
868 2193 1046 2238 insidias,
1081 2193 1147 2242 qui
1195 2192 1299 2230 intus
1340 2192 1478 2230 sedeat
1521 2192 1667 2230 sudore

107 2278 290 2305 manans,
335 2265 410 2304 Cui
432 2265 648 2314 respondet
665 2264 805 2302 Ulixes
822 2276 865 2301 se
885 2263 1021 2301 Aiacis
1044 2274 1233 2312 quaerere
1256 2262 1420 2311 vestigia
1442 2274 1580 2300 recens
1597 2262 1666 2300 im·

106 2349 254 2387 pressa,
289 2337 441 2386 quippe
472 2335 541 2384 qui
572 2341 693 2373 nocte
736 2334 917 2383 proxima
952 2333 1090 2370 mirum
1123 2332 1256 2370 obisse
1287 2332 1467 2370 videatur
1497 2332 1663 2372 facinus.

106 2406 310 2445 Invenisse
341 2406 446 2444 enim
469 2406 654 2443 Achaeos
684 2411 875 2447 armenta,
900 2415 1003 2452 quae
1024 2403 1257 2452 praedando
1279 2403 1509 2451 abegerant,
1531 2402 1667 2440 omnia

107 2489 228 2514 caesa,
249 2468 438 2526 ipsosque
469 2482 647 2525 pastores
668 2474 909 2516 trucidatos;
944 2474 1053 2522 quod
1076 2475 1223 2511 tactum
1254 2473 1306 2511 ad
1329 2472 1494 2510 Aiacem
1526 2484 1666 2510 omnes

107 2547 266 2592 referre,
300 2547 367 2596 qui
397 2547 576 2595 gladium
608 2553 748 2583 tenens
780 2557 920 2582 cruore
951 2545 1220 2581 humectatum
1266 2556 1289 2581 a
1320 2543 1568 2592 speculatore
1599 2542 1665 2580 ali-

109 2629 190 2667 quo
213 2617 262 2655 sit
283 2622 534 2666 conspectus,
581 2615 819 2665 Opportune
847 2614 964 2663 igitur
988 2614 1128 2652 adesse
1160 2613 1292 2658 deam,
1316 2625 1420 2662 quae
1441 2619 1507 2651 aut
1537 2615 1667 2650 tacere

109 2687 231 2726 fidem
263 2694 330 2725 aut
361 2687 522 2724 demere
554 2685 679 2735 possit
709 2684 895 2734 gravibus
927 2684 979 2722 de
1010 2685 1135 2722 Aiace
1167 2683 1401 2721 rumoribus.

251 2757 474 2795 Confirmat
494 2755 687 2799 Minerva,
711 2755 767 2793 rei
798 2754 1008 2805 praeterita
1027 2761 1147 2792 nocte
1177 2761 1313 2805 gestae
1345 2760 1548 2792 auctorem
1578 2764 1667 2793 esse

111 2828 279 2869 Aiacem
309 2833 349 2867 et
378 2825 637 2878 interroganti
667 2825 797 2865 Ulixi:
