1884 3230
694 197 991 241 —ns-

159 334 168 342 -
202 315 312 356 Bene
332 323 463 356 autem
486 316 691 356 conscium
713 316 833 357 fuisse
854 317 931 356 sibi
953 316 1185 368 Euripidem
1211 329 1306 358 suae
1339 316 1620 369 descriptionis

58 388 244 434 veritatis,
289 399 530 438 quamquam
575 388 668 426 satis
712 401 760 427 ex
803 388 864 434 iis,
910 400 1015 438 quae
1058 389 1249 428 hactenus
1291 389 1473 439 exposita
1516 395 1617 437 sunt,

60 471 253 508 apparere
283 458 500 508 putaverim
515 488 523 504 ,
557 466 691 497 tamen
722 459 906 509 exemplo
938 460 1072 509 paullo
1113 459 1226 498 aliter
1268 467 1500 509 comparato
1537 459 1620 497 illu-

61 536 184 568 strare
213 529 344 567 liceat.
407 528 600 567 Ultimam
632 529 738 567 enim
769 541 932 568 scenam
963 529 1016 568 ad
1048 530 1220 568 furorem
1251 536 1510 579 spectantem,
1543 541 1623 578 qua

61 611 204 638 somno
235 599 398 639 solvitur
428 599 636 645 Hercules,
670 599 866 645 attendas,
899 600 1031 645 velim,
1064 612 1144 649 qua
1174 600 1328 638 ratione
1359 599 1621 638 introduxerit

59 676 192 720 poeta.
218 669 431 708 Antecedit
446 669 745 719 Amphitryonis
762 682 852 708 cum
871 670 996 723 choro
1011 666 1186 724 κόμμος,
1209 670 1278 719 qui
1301 676 1475 708 vocatur.
1495 670 1618 708 Audi-

60 752 172 778 amus
203 740 301 789 quid
332 739 407 777 sibi
449 746 593 777 statuat
623 747 737 789 pater
767 740 818 779 de
849 740 1004 788 sommi,
1038 753 1120 789 quo
1152 747 1307 779 tenetur
1326 740 1442 788 filius,
1464 748 1619 779 eventu.

61 810 266 848 Admonet
296 810 474 855 chorum,
506 822 558 848 ne
590 810 734 849 excitet
765 811 980 849 Herculem
1012 817 1131 849 cantu
1162 810 1332 860 lugubri,
1365 810 1426 849 his
1469 810 1618 849 verbis:

61 877 134 933 (cs.
167 893 245 919 vss.
286 893 393 930 1043
427 880 559 931 seqq.)

304 950 381 993 οὐκ
413 948 632 1006 ἅτρεμαῑα
665 951 836 1006 θρῆνον
866 947 1031 1000 αἰάξετ’
1065 944 1104 994 a?
1132 957 1350 1008 γέροντεςς

305 1019 334 1075 ἤ
365 1021 485 1076 δέσμ’
518 1019 842 1079 ἀνεγειρόμενος
872 1021 1073 1076 χαλάσας
1105 1021 1264 1064 ἀπολεῖ
1290 1021 1421 1063 πόλιν

305 1089 396 1133 ἀπὸ
430 1092 479 1134 δὲ
514 1098 686 1149 πατέρα
717 1092 927 1149 μέλαθρά
957 1108 1005 1135 τε
1035 1092 1310 1150 καταρρῆξει.

203 1162 423 1211 Incipiente
454 1175 547 1201 vero
590 1163 810 1213 expergisci
842 1164 1019 1202 Hercule
1062 1170 1233 1213 quantus
1273 1169 1426 1213 patrem
1469 1163 1621 1201 invadit

63 1233 211 1274 metus!
273 1233 321 1270 cf.
354 1245 430 1271 vss.
471 1235 579 1271 1068
613 1243 754 1282 seqq.:

305 1305 435 1361 φυγᾷ,
469 1306 599 1361 φυγᾷ,
631 1308 837 1358 γέροντες,
873 1302 1050 1360 ἀποπρό
1084 1303 1296 1358 δωμάτων

306 1372 494 1420 διώκετε,
528 1370 705 1427 φεύγετε
736 1370 904 1430 μάργον
937 1372 1046 1429 ἆνὸῤ
1076 1372 1407 1431 ἐπεγειρόμενον

305 1441 423 1495 τάχα
457 1443 592 1499 φόνον
623 1447 768 1501 ἕτερον
798 1443 875 1486 ἐπὶ
905 1440 1023 1502 φόνῳ
1052 1443 1206 1495 βαλών

306 1514 375 1558 ἄν’
409 1508 469 1558 αὖ
497 1511 728 1568 βακχεύσει
761 1514 993 1566 Καδμείων
1021 1514 1166 1557 πόλιν.

206 1586 313 1623 Ecce
358 1593 490 1625 tamen
538 1586 679 1625 miram
729 1586 831 1624 inter
875 1586 1175 1635 Amphitryonis
1208 1586 1543 1636 exspectationem
1576 1594 1616 1626 et

64 1668 197 1694 verum
231 1656 415 1694 Herculis
448 1657 501 1695 ad
532 1669 575 1694 se
606 1656 808 1694 redeuntis
839 1663 982 1694 statum
1015 1655 1350 1707 discrepantiam!
1414 1657 1523 1705 Quid
1552 1658 1620 1707 igi-

63 1732 125 1764 tur
155 1726 235 1776 agit
279 1726 514 1766 furibundus
547 1727 616 1774 vir,
662 1738 794 1775 quem²
838 1739 888 1764 ne
933 1739 1059 1765 novas
1104 1734 1348 1777 perpetraret
1390 1728 1536 1766 caedes
1568 1728 1620 1766 ad

63 1797 291 1834 columnam
323 1796 564 1846 alligavere?
598 1819 653 1824 --
685 1797 747 1835 Ne
778 1809 937 1846 surgere
969 1797 1132 1846 quidem
1162 1797 1291 1837 valet!

206 1868 252 1904 In
282 1867 343 1904 his
375 1874 455 1905 tam
488 1867 698 1906 manifeste
729 1874 918 1916 tantaque
950 1880 1040 1905 cum
1072 1868 1254 1906 efficacia
1290 1869 1390 1907 inter
1422 1882 1464 1907 se
1495 1882 1619 1919 oppo-

63 1937 147 1975 sitis
178 1945 325 1975 certum
359 1944 502 1987 poetae
543 1937 752 1976 consilium
797 1950 883 1976 esse
927 1939 1170 1976 cernendum
1214 1940 1484 1989 unusquisque
1527 1953 1619 1978 con-

63 2007 217 2046 sentiet.
281 2010 413 2057 Atque
444 2008 581 2046 nescio
613 2007 813 2057 equidem,
847 2020 898 2045 an
930 2020 977 2046 ea
1009 2015 1141 2047 mente
1173 2009 1228 2047 ita
1270 2022 1354 2047 rem
1396 2010 1618 2056 instituerit,

4 2064 7 2065 ⁷
62 2086 104 2116 ut
135 2078 248 2127 quasi
272 2086 493 2128 opponeret
517 2091 610 2117 suae
635 2078 914 2128 descriptionis
945 2079 1151 2118 veritatem
1183 2079 1290 2118 falsis
1320 2080 1472 2118 indocti
1494 2081 1619 2130 opini-

63 2148 219 2186 onibus.
284 2149 376 2186 Hoe
408 2156 513 2186 certe
545 2161 663 2186 nemo
696 2148 870 2197 negabit,
906 2149 1205 2198 Amphitryonis
1247 2150 1298 2188 de
1341 2151 1483 2188 sommi
1515 2150 1619 2189 exitu

63 2218 300 2256 coniecturis
340 2219 507 2258 mirifice
539 2219 673 2268 augeri
706 2219 890 2256 Herculis
923 2219 1252 2269 expergiscentis,
1286 2233 1389 2268 quae
1430 2221 1618 2270 sequitur,

62 2289 341 2339 descriptionis
373 2290 452 2327 vim
485 2290 536 2328 ad
569 2302 702 2328 veram
734 2290 935 2328 institutae
965 2291 1264 2339 naturalemque
1286 2290 1415 2328 morbi
1436 2291 1618 2329 formam.

204 2360 328 2398 Vides
361 2360 478 2410 igitur
508 2361 560 2399 ad
592 2360 632 2398 id
667 2360 802 2398 omnia
834 2361 909 2398 hac
941 2361 981 2397 in
1014 2361 1201 2398 dramatis
1232 2368 1344 2411 parte
1375 2361 1618 2411 conspirare..

62 2436 104 2468 ut
134 2430 275 2468 furoris
307 2442 491 2480 expressa
522 2430 639 2468 nobis
671 2437 918 2480 proponatur
948 2430 1095 2480 imago.
1130 2453 1186 2458 —

204 2653 385 2690 Transeo
416 2653 467 2691 ad
500 2654 663 2692 alteram
695 2654 984 2692 dissertationis
1029 2660 1194 2702 partem,
1237 2665 1318 2702 qua
1359 2653 1411 2692 de
1442 2654 1540 2692 Ione
1580 2660 1619 2693 et

62 2723 205 2760 Oreste
237 2734 323 2760 esse
354 2723 639 2772 disputandum
672 2736 792 2772 supra
823 2723 1001 2772 exposui.

204 2793 337 2840 Atque
370 2792 522 2830 Orestis
555 2794 718 2842 quidem
751 2794 803 2831 ad
836 2794 1031 2832 insaniam
1064 2801 1249 2843 quattuor
1280 2794 1478 2844 pertinent
1509 2794 1620 2833 sabu-

62 2863 147 2900 lae:
180 2862 367 2911 Aeschyli
399 2863 641 2901 Eumenides
674 2871 712 2902 et
743 2864 986 2913 Choephori,
1021 2864 1233 2913 Euripidis,
1267 2877 1370 2913 quae
1401 2864 1619 2903 inscribun-

62 2938 123 2971 tur
152 2925 345 2989 Ὀρέστης
375 2939 414 2971 et
445 2931 674 2987 Ἰφιγένεια
707 2932 733 2983 ἧ
766 2930 813 2976 ἓν
850 2932 1058 2989 Ταύροις;
1091 2933 1200 2973 Ionis
1230 2946 1324 2974 vero
1355 2934 1517 2973 furentis
1538 2935 1621 2974 uni-
