1884 3230
1638 61 1643 65 -
1691 59 1743 71 ’Ἴ

1755 83 1806 102 “«.

1795 107 1825 117 κ.

1790 121 1810 132 ¹.

1606 132 1619 144 ο

928 254 1220 292 -13-

293 396 436 435 aquam
470 382 802 434 immergendam,
826 397 917 422 cum
949 383 1086 422 haeret
1117 382 1250 422 subito
1272 394 1515 432 manumque
1546 381 1738 422 continet.
1791 380 1857 424 hs

290 450 448 493 tuentur
487 455 600 493 liberi
642 461 794 504 patrem
839 467 930 492 cum
973 453 1251 493 admiratione.
1317 455 1421 492 Ecce
1462 460 1594 492 autem
1637 450 1857 499 miratuqin

291 526 466 563 Hercule
507 524 790 563 mutationem!
853 525 1033 574 Torquet
1078 524 1226 570 ocules,
1261 536 1428 574 quorum
1475 523 1600 563 fibrae
1642 508 1861 572 rubescunt:

290 596 633 645 sanguineumque
664 596 823 634 trahunt
856 595 1045 634 colorem.
1111 595 1295 633 Movetur
1325 606 1373 632 ex
1417 606 1487 632 ore
1518 606 1674 644 spuma,
1717 598 1858 640 manat

289 667 341 704 de
373 673 520 704 mento.
583 667 716 715 Atque
748 666 867 704 risum
890 666 1014 704 edens
1047 665 1247 704 turbidum
1271 665 1372 715 patri
1403 665 1500 704 dicit
1523 664 1731 709 Hercules.
1754 662 1859 714 qnid«

289 736 365 774 sibi
409 736 530 774 velint
571 721 697 783 sacra,
742 744 959 786 antequam
1002 736 1263 786 Eurystheum
1307 735 1524 783 occiderit;
1565 742 1647 774 tum
1690 734 1853 779 demum

288 819 361 844 suo
392 807 485 845 loco
517 806 599 845 fieri
633 807 928 857 expiationem,
960 819 1049 845 cum
1082 807 1196 845 huius
1228 813 1348 856 caput
1385 807 1549 845 domum
1581 803 1853 856 reportaverit.

290 877 339 914 Et
369 888 505 914 revera
536 876 576 914 in
609 889 698 915 eam
730 876 1017 926 cogitationem
1049 883 1133 915 tota
1164 876 1349 915 Herculis
1381 888 1493 915 mens
1524 875 1731 922 incumbit,
1767 875 1852 926 My·

287 958 408 985 cenas
449 947 525 985 sibi
567 958 654 985 esse
696 946 1046 997 proficiscendum,
1077 954 1117 985 ut
1161 947 1423 996 Eurystheum
1466 946 1688 985 interficiat.
1749 945 1856 1005 Tela„

286 1016 404 1066 igitur
435 1015 564 1067 poscit
596 1024 634 1056 et
666 1017 925 1056 instrumenta
957 1018 1009 1056 ad
1042 1029 1175 1056 muros
1218 1015 1493 1056 suffodiendos
1525 1016 1687 1056 idonea.
1747 1003 1857 1073 Ineigj

286 1087 343 1136 pit
376 1087 461 1126 iter.
518 1087 646 1126 Falsis
666 1088 859 1138 deceptus
890 1087 1133 1138 imaginibus
1155 1100 1270 1126 curru
1303 1087 1379 1126 sibi
1401 1087 1556 1126 videtur
1586 1086 1700 1138 vehi·
1730 1079 1850 1140 habe·

285 1170 358 1196 nas
376 1157 475 1207 regit
492 1170 611 1196 manu
630 1165 822 1207 tanquam
841 1157 1001 1196 stimulo
1019 1165 1144 1197 utens.
1180 1158 1399 1208 Ambigunt
1416 1158 1529 1203 servi,
1547 1165 1676 1196 utrum
1697 1157 1852 1202 iooetur

285 1228 474 1266 dominus
496 1241 547 1266 an
581 1228 765 1267 insaniat.
828 1228 910 1277 Qui
932 1241 1002 1278 per
1033 1236 1156 1267 totam
1179 1229 1255 1267 ruit
1285 1229 1450 1267 domum
1472 1227 1596 1267 modo
1626 1227 1704 1267 huc
1724 1227 1850 1270 modo

284 1298 391 1336 illuc.
457 1299 503 1336 In
548 1298 720 1337 virorum
764 1298 904 1336 incidit
948 1299 1153 1343 conclave,
1200 1299 1310 1349 quod
1354 1311 1427 1349 pro
1471 1298 1646 1348 Megaris
1687 1297 1848 1349 accipit,

289 1368 419 1417 prima
449 1369 600 1407 itineris
643 1369 826 1408 statione.
891 1369 970 1407 Hic
1015 1377 1190 1408 moratur
1222 1370 1395 1420 paullum
1439 1380 1689 1419 coenamque
1719 1374 1847 1420 parat.

284 1439 415 1488 Pergit
440 1439 589 1478 deinde
620 1439 693 1478 iter
714 1447 752 1478 et
783 1439 835 1478 ad
859 1440 1050 1478 Isthmum
1074 1440 1264 1490 pervenit.
1327 1440 1444 1478 Nova
1465 1439 1612 1478 fallitur
1639 1437 1845 1491 opinione.

283 1509 329 1546 In
362 1516 562 1548 certamen
605 1510 680 1548 sibi
721 1510 875 1549 videtur
917 1510 1101 1560 prodire;
1135 1511 1241 1549 exuit
1284 1510 1538 1560 chlamydem
1578 1503 1857 1562 certantisque,

282 1579 404 1618 instar
447 1592 490 1618 se
520 1580 643 1630 gerit;
689 1580 774 1630 ipse
805 1593 848 1618 se
892 1580 1120 1631 pronuntiat
1150 1580 1356 1619 victorem.
1419 1582 1502 1619 Iam
1534 1591 1629 1619 vero
1671 1578 1853 1637 minacia¹

283 1648 367 1687 eius
401 1649 441 1688 in
464 1651 726 1700 Eurystheum
759 1652 880 1690 verba
902 1652 1095 1700 Mycenas
1119 1651 1335 1689 Herculem
1367 1651 1443 1689 sibi
1474 1649 1601 1690 videri
1633 1649 1845 1698 advenisse

280 1719 470 1759 indicant.
533 1721 864 1771 Amphitryonem
909 1734 1091 1769 causam,
1125 1733 1195 1759 cur
1237 1721 1293 1759 ita
1337 1733 1379 1759 se
1423 1728 1549 1771 gerat,
1582 1705 1854 1773 quaerentem·

281 1789 436 1840 repellit
459 1791 723 1840 Eurystheum
755 1804 842 1831 esse
874 1791 1059 1842 opinatus
1090 1799 1129 1830 et
1160 1804 1294 1830 arcum
1317 1791 1451 1842 dirigit
1482 1791 1523 1829 in
1554 1803 1648 1830 suos
1678 1790 1840 1838 liberos.

281 1872 383 1910 quos
414 1861 621 1911 Eurysthei
655 1862 758 1900 filios
790 1870 902 1913 putat
932 1862 1150 1901 secundum
1173 1875 1317 1900 vanam
1350 1862 1597 1912 opinionem.
1659 1861 1851 1911 Quorum

280 1938 493 1981 postquam
526 1932 628 1971 duos
660 1946 751 1972 cum
784 1946 931 1983 magna
973 1933 1182 1972 verborum
1217 1933 1431 1972 iactatione
1471 1933 1659 1979 necavit,
1683 1932 1737 1972 ad
1767 1939 1840 1972 ter·

279 2001 376 2040 tium
409 2003 639 2052 aggreditur
669 2003 813 2053 sagitta
838 2003 1210 2054 transfodiendum,
1243 2015 1361 2053 quem
1402 2010 1537 2042 tamen
1569 2015 1659 2042 cum
1700 2009 1850 2061 mater,x

279 2078 320 2109 ut
353 2072 405 2110 ab
428 2072 651 2112 insaniente
683 2080 795 2123 patre
816 2073 1063 2118 defenderet,
1088 2073 1129 2111 in
1161 2073 1388 2112 interiorem
1411 2073 1554 2112 domus
1586 2079 1741 2124 partem
1761 2059 1851 2134 tra-¹

279 2142 391 2187 xerit,
423 2154 506 2181 non
551 2143 658 2193 prius
691 2153 808 2182 necat
839 2156 957 2193 quam
1003 2144 1106 2183 sores
1152 2151 1236 2182 arte
1267 2151 1305 2182 et
1345 2143 1498 2182 ratione
1528 2143 1647 2182 diruit
1690 2148 1840 2202 postes-

279 2223 359 2261 que
402 2213 586 2260 excussit,
629 2214 871 2264 Cyclopicos
913 2215 1171 2263 Mycenarum
1213 2227 1346 2252 muros
1386 2222 1561 2254 evertere
1601 2213 1689 2272 sibi
1717 2212 1836 2252 visus.

278 2282 492 2320 Interfecto
524 2295 603 2322 una
634 2296 724 2322 cum
757 2291 881 2323 matre
912 2283 1028 2323 tertio
1066 2284 1149 2323 filio
1181 2284 1255 2335 ipsi
1289 2285 1389 2334 patri
1433 2291 1599 2323 mortem
1631 2274 1715 2324 er'at
1745 2280 1838 2323 alla-

277 2358 399 2407 turus,
432 2365 522 2392 cum
555 2366 698 2393 somno
721 2362 884 2405 repente
914 2362 1053 2405 captus
1082 2355 1191 2393 humi
1222 2355 1343 2394 cadit.
1407 2355 1510 2394 Satis
1530 2355 1654 2405 longo
1683 2361 1842 2413 teneruit¹

278 2434 434 2472 sopore.
497 2424 745 2463 Pedetentim
778 2425 831 2463 ad
861 2425 982 2464 vitam
1015 2425 1127 2464 redit.
1163 2448 1218 2453 ——

423 2505 542 2544 Hanc
565 2505 682 2556 igitur
704 2507 832 2545 morbi
854 2507 1164 2557 descriptionem
1188 2508 1409 2546 accuratius
1431 2506 1630 2546 tractaturi
1650 2506 1844 2557 primum..

279 2586 384 2624 quae
415 2575 466 2613 sit
500 2577 686 2615 Herculis
719 2577 883 2616 furentis
914 2578 966 2616 ab
996 2578 1123 2616 Aiace
1153 2578 1389 2625 differentia,
1422 2578 1653 2623 videamus,-
1672 2577 1834 2625 deinde,

278 2656 358 2694 qua
390 2645 554 2685 veritate
587 2646 787 2686 insaniam
819 2648 1031 2699 Euripides
1062 2649 1327 2699 descripserit,
1352 2648 1611 2698 Hippocratis
1641 2646 1844 2700 impmip,

277 2715 495 2753 secundum
517 2716 663 2766 scripta
685 2718 969 2758 examinemus.
1023 2720 1078 2758 Ut
1100 2726 1230 2757 autem
1263 2726 1369 2757 recte
1389 2725 1510 2768 atque
1530 2717 1673 2758 ordine
1701 2701 1847 2769 dispnffi

276 2791 390 2831 tetur,
413 2785 605 2836 deinceps
634 2789 954 2837 comparabimus
986 2789 1162 2828 insaniae
1193 2789 1360 2834 initium,
1384 2801 1650 2839 progressum,
1671 2788 1831 2827 exitum.

419 2855 485 2894 Ad
519 2855 655 2895 Aiacis
689 2858 829 2896 suroris
861 2859 1013 2897 initium
1046 2859 1128 2898 duo
1159 2866 1316 2909 spetant
1347 2871 1481 2898 versus
1511 2859 1615 2909 epici
1645 2857 1841 2906 carminis

282 2926 545 2976 »Αἰθιοπίᾳ
583 2926 824 2976 superstites.
888 2930 951 2967 De
983 2929 1184 2968 Podalirio
1228 2929 1386 2968 medico
1430 2930 1530 2968 haec
1573 2929 1671 2968 dicit
1712 2933 1838 2980 pom

274 2993 342 3052 (cf.
375 2994 538 3038 Kiukel.
570 2996 684 3048 srgm.
718 2998 776 3049 3.)
1724 3030 1742 3049 ,i
1764 3024 1842 3049 unu
